%% This BibTeX bibliography file was created using BibDesk.
%% http://bibdesk.sourceforge.net/


%% Created for Hamid gh at 2013-03-27 03:14:17 -0400 


%% Saved with string encoding Unicode (UTF-8) 



@inproceedings{Czarnecki:BX:2009tg,
	Acmid = {1575470},
	Address = {Berlin, Heidelberg},
	Author = {Czarnecki, Krzysztof and Foster, J. Nathan and Hu, Zhenjiang and L\"{a}mmel, Ralf and Sch\"{u}rr, Andy and Terwilliger, James F.},
	Booktitle = {Proceedings of the 2nd International Conference on Theory and Practice of Model Transformations},
	Date-Added = {2013-03-27 03:13:39 -0400},
	Date-Modified = {2013-03-27 03:13:49 -0400},
	Doi = {10.1007/978-3-642-02408-5_19},
	Isbn = {978-3-642-02407-8},
	Location = {Zurich, Switzerland},
	Numpages = {24},
	Pages = {260--283},
	Publisher = {Springer-Verlag},
	Series = {ICMT '09},
	Title = {Bidirectional Transformations: A Cross-Discipline Perspective},
	Url = {http://dx.doi.org/10.1007/978-3-642-02408-5_19},
	Year = {2009},
	Bdsk-Url-1 = {http://dx.doi.org/10.1007/978-3-642-02408-5_19}}

@incollection{Stevens:Landscape:2008kl,
	Author = {Stevens, Perdita},
	Booktitle = {Generative and Transformational Techniques in Software Engineering II},
	Date-Added = {2013-03-27 03:08:28 -0400},
	Date-Modified = {2013-03-27 03:08:40 -0400},
	Pages = {408--424},
	Publisher = {Springer},
	Title = {A landscape of bidirectional model transformations},
	Year = {2008}}

@incollection{Patzina:ATLvsSDM:2012oq,
	Author = {Patzina, Sven and Patzina, Lars},
	Booktitle = {Applications of Graph Transformations with Industrial Relevance},
	Date-Added = {2013-03-27 02:50:44 -0400},
	Date-Modified = {2013-03-27 02:51:07 -0400},
	Doi = {10.1007/978-3-642-34176-2_18},
	Editor = {Sch{\"u}rr, Andy and Varr{\'o}, D{\'a}niel and Varr{\'o}, Gergely},
	Isbn = {978-3-642-34175-5},
	Keywords = {Atlas Transformation Language; Story Driven Modeling; Live Sequence Charts; Monitor Petri nets; transformation},
	Pages = {210-221},
	Publisher = {Springer Berlin Heidelberg},
	Series = {Lecture Notes in Computer Science},
	Title = {A Case Study Based Comparison of ATL and SDM},
	Url = {http://dx.doi.org/10.1007/978-3-642-34176-2_18},
	Volume = {7233},
	Year = {2012},
	Bdsk-Url-1 = {http://dx.doi.org/10.1007/978-3-642-34176-2_18}}

@proceedings{DBLP:conf/mbees/2009,
	Bibsource = {DBLP, http://dblp.uni-trier.de},
	Booktitle = {MBEES},
	Date-Added = {2013-03-27 02:46:31 -0400},
	Date-Modified = {2013-03-27 02:47:22 -0400},
	Editor = {Holger Giese and Michaela Huhn and Ulrich Nickel and Bernhard Sch{\"a}tz},
	Ee = {http://www.sse-tubs.de/mbees-dagstuhl/MBEES2009_Proceedings_online_small.pdf},
	Publisher = {TU Braunschweig, Institut f{\"u}r Software Systems Engineering},
	Series = {Informatik-Bericht},
	Title = {Dagstuhl-Workshop MBEES: Modellbasierte Entwicklung eingebetteter Systeme V, Schloss Dagstuhl, Germany, 2009, Tagungsband Modellbasierte Entwicklung eingebetteter Systeme},
	Volume = {2009-01},
	Year = {2009}}

@inproceedings{Giese:autosar:2009cr,
	Author = {Holger Giese and Stephan Hildebrandt and Stefan Neumann},
	Bibsource = {DBLP, http://dblp.uni-trier.de},
	Booktitle = {MBEES},
	Crossref = {DBLP:conf/mbees/2009},
	Date-Added = {2013-03-27 02:46:10 -0400},
	Date-Modified = {2013-03-27 02:46:22 -0400},
	Ee = {http://www.sse-tubs.de/mbees-dagstuhl/MBEES2009_Proceedings_online_small.pdf},
	Pages = {155-164},
	Title = {Towards Integrating SysML and AUTOSAR Modeling via Bidirectional Model Synchronization},
	Year = {2009}}

@misc{fujaba:website,
	Author = {{Fujaba Developer Team}},
	Date-Added = {2013-03-27 02:38:01 -0400},
	Date-Modified = {2013-03-27 02:38:29 -0400},
	Howpublished = {http://www.fujaba.de/},
	Title = {Fujaba-{H}omepage},
	Url = {http://www.fujaba.de/},
	Year = {2007},
	Bdsk-Url-1 = {http://www.fujaba.de/}}

@inproceedings{atom3:Lara:2002qf,
	Author = {J. de Lara and H. Vangheluwe},
	Booktitle = {FASE},
	Date-Added = {2013-03-27 02:29:27 -0400},
	Date-Modified = {2013-03-27 02:29:46 -0400},
	Editor = {Ralf-Detlef Kutsche and Herbert Weber},
	Note = {http://link.springer.de/link/service/series/0558/bibs/2306/23060174.htm},
	Pages = {174--188},
	Publisher = {Springer},
	Series = LNCS,
	Title = {{AT}o{M}$^3$: {A} Tool for Multi-formalism and Meta-modelling},
	Volume = {2306},
	Year = {2002}}

@inproceedings{KM3:2006ve,
	Address = {{Bologna, Italy}},
	Author = {{Fr\'ederic Jouault, Jean Bez\'ivin}},
	Booktitle = {{Proceedings of 8th IFIP International Conference on Formal Methods for Open Object-Based Distributed Systems}},
	Date-Added = {2013-03-27 02:27:17 -0400},
	Date-Modified = {2013-03-27 02:27:35 -0400},
	Pages = {{171-185}},
	Series = {{LNCS}},
	Title = {{KM3: a DSL for Metamodel Specification}},
	Year = {{2006}}}

@article{TGGAppCondition:Golas:2011zr,
	Author = {Ulrike Golas and Hartmut Ehrig and Frank Hermann},
	Bibsource = {DBLP, http://dblp.uni-trier.de},
	Date-Added = {2013-03-25 17:00:08 -0400},
	Date-Modified = {2013-03-25 17:00:27 -0400},
	Ee = {http://journal.ub.tu-berlin.de/eceasst/article/view/646},
	Journal = {ECEASST},
	Title = {Formal Specification of Model Transformations by Triple Graph Grammars with Application Conditions},
	Volume = {39},
	Year = {2011}}

@article{TGG:Inheritance:Golas:2012ys,
	Author = {Ulrike Golas and Leen Lambers and Hartmut Ehrig and Fernando Orejas},
	Bibsource = {DBLP, http://dblp.uni-trier.de},
	Date-Added = {2013-03-25 16:58:19 -0400},
	Date-Modified = {2013-03-25 16:58:43 -0400},
	Ee = {http://dx.doi.org/10.1016/j.tcs.2012.01.032},
	Journal = {Theor. Comput. Sci.},
	Pages = {46-68},
	Title = {Attributed graph transformation with inheritance: Efficient conflict detection and local confluence analysis using abstract critical pairs},
	Volume = {424},
	Year = {2012}}

@inproceedings{Zinovy:2013:OCC:Symmet,
	Author = {Diskin, Zinovy and Wider, Arif and Gholizadeh,Hamid and Czarnecki, Krzysztof},
	Booktitle = {Submitted to the 16th International Conference on Model Driven Engineering Languages and Systems, Miami, Florida, USA},
	Date-Added = {2013-03-25 13:44:19 -0400},
	Date-Modified = {2013-03-26 18:24:38 -0400},
	Numpages = {15},
	Series = {MODELS '13},
	Title = {Symmetrization of Model Transformations: Towards a Rational Taxonomy of Model Synchronization Types},
	Year = {2013},
	Bdsk-Url-1 = {http://dx.doi.org/10.1007/978-3-642-04425-0_18}}

@misc{AGG:Website,
	Date-Added = {2013-03-24 20:44:10 -0400},
	Date-Modified = {2013-03-24 23:01:42 -0400},
	Key = {visprog agg},
	Note = {http://user.cs.tu-berlin.de/~gragra/agg/index.html},
	Title = {{AGG} --- The Attributed Graph Grammar System},
	Url = {http://tfs.cs.tu-berlin.de/agg/index.html},
	Bdsk-Url-1 = {http://tfs.cs.tu-berlin.de/agg/index.html}}

@inproceedings{Johnson08amast,
	Author = {M. Johnson and R. Rosebrugh},
	Bibsource = {DBLP, http://dblp.uni-trier.de},
	Booktitle = {AMAST},
	Crossref = {DBLP:conf/amast/2008},
	Date-Added = {2013-03-21 12:49:06 -0400},
	Date-Modified = {2013-03-21 12:49:06 -0400},
	Doi = {10.1007/978-3-540-79980-1_19},
	Pages = {238-252},
	Title = {Constant Complements, Reversibility and Universal View Updates},
	Year = {2008},
	Bdsk-Url-1 = {http://dx.doi.org/10.1007/978-3-540-79980-1_19}}

@proceedings{DBLP:conf/amast/2008,
	Bibsource = {DBLP, http://dblp.uni-trier.de},
	Booktitle = {AMAST},
	Date-Added = {2013-03-21 12:48:29 -0400},
	Date-Modified = {2013-03-21 12:48:29 -0400},
	Editor = {Jos{\'e} Meseguer and Grigore Rosu},
	Isbn = {978-3-540-79979-5},
	Publisher = {Springer},
	Series = {Lecture Notes in Computer Science},
	Title = {Algebraic Methodology and Software Technology, 12th International Conference, AMAST 2008, Urbana, IL, USA, July 28-31, 2008, Proceedings},
	Volume = {5140},
	Year = {2008}}

@inproceedings{Johnson:2008kx,
	Author = {M. Johnson and R. Rosebrugh},
	Bibsource = {DBLP, http://dblp.uni-trier.de},
	Booktitle = {AMAST},
	Crossref = {DBLP:conf/amast/2008},
	Date-Added = {2013-03-21 12:48:01 -0400},
	Date-Modified = {2013-03-21 12:48:01 -0400},
	Doi = {10.1007/978-3-540-79980-1_19},
	Pages = {238-252},
	Title = {Constant Complements, Reversibility and Universal View Updates},
	Year = {2008},
	Bdsk-Url-1 = {http://dx.doi.org/10.1007/978-3-540-79980-1_19}}

@article{Keller:1987fk,
	Author = {A. Keller},
	Bibsource = {DBLP, http://dblp.uni-trier.de},
	Date-Added = {2013-03-21 12:44:20 -0400},
	Date-Modified = {2013-03-21 12:44:20 -0400},
	Ee = {http://doi.acm.org/10.1145/27629.214296, db/journals/tods/Keller87.html},
	Journal = {ACM TODS},
	Number = {3},
	Pages = {521-523},
	Title = {{Comments on Bancilhon and Spyratos' ``Update Semantics and Relational Views''}},
	Volume = {12},
	Year = {1987}}

@book{Barr:CATBook:1999dz,
	Author = {Michael Barr and Charles Wells},
	Date-Added = {2013-03-15 01:48:48 -0400},
	Date-Modified = {2013-03-15 01:49:08 -0400},
	Publisher = {Centre de Recherches Math\'ematiques},
	Title = {Category Theory for Computing Science},
	Year = {1999}}

@book{Awodey:CATBook:2009fv,
	Author = {Steve Awodey},
	Date-Added = {2013-03-15 00:24:38 -0400},
	Date-Modified = {2013-03-15 00:24:55 -0400},
	Publisher = {Oxford University Press},
	Title = {Category Theory},
	Year = {2009}}

@misc{ikv-technologies:mediniQVT,
	Author = {{ikv++ technologies}},
	Date-Added = {2013-03-14 20:31:12 -0400},
	Date-Modified = {2013-03-14 20:31:53 -0400},
	Howpublished = {http://projects.ikv.de/qvt},
	Title = {{medini QVT} homepage}}

@article{Foster:LensCombinators:2005tg,
	Acmid = {1040325},
	Address = {New York, NY, USA},
	Author = {Foster, J. Nathan and Greenwald, Michael B. and Moore, Jonathan T. and Pierce, Benjamin C. and Schmitt, Alan},
	Date-Added = {2013-03-14 20:26:13 -0400},
	Date-Modified = {2013-03-14 20:27:19 -0400},
	Doi = {10.1145/1047659.1040325},
	Issn = {0362-1340},
	Issue_Date = {January 2005},
	Journal = {SIGPLAN Not.},
	Keywords = {XML, bi-directional programming, harmony, lenses, view update problem},
	Month = jan,
	Number = {1},
	Numpages = {14},
	Pages = {233--246},
	Publisher = {ACM},
	Title = {Combinators for bi-directional tree transformations: a linguistic approach to the view update problem},
	Url = {http://doi.acm.org/10.1145/1047659.1040325},
	Volume = {40},
	Year = {2005},
	Bdsk-Url-1 = {http://doi.acm.org/10.1145/1047659.1040325},
	Bdsk-Url-2 = {http://dx.doi.org/10.1145/1047659.1040325}}

@inproceedings{Diskin:DeltaSymm2011kl,
	Acmid = {2050685},
	Address = {Berlin, Heidelberg},
	Author = {Diskin, Zinovy and Xiong, Yingfei and Czarnecki, Krzysztof and Ehrig, Hartmut and Hermann, Frank and Orejas, Fernando},
	Booktitle = {Proceedings of the 14th international conference on Model driven engineering languages and systems},
	Date-Added = {2013-03-14 20:23:54 -0400},
	Date-Modified = {2013-03-14 20:24:08 -0400},
	Isbn = {978-3-642-24484-1},
	Location = {Wellington, New Zealand},
	Numpages = {15},
	Pages = {304--318},
	Publisher = {Springer-Verlag},
	Series = {MODELS'11},
	Title = {From state- to delta-based bidirectional model transformations: the symmetric case},
	Url = {http://dl.acm.org/citation.cfm?id=2050655.2050685},
	Year = {2011},
	Bdsk-Url-1 = {http://dl.acm.org/citation.cfm?id=2050655.2050685}}

@article{Bezivin:MDA:2004nx,
	Author = {B\'{e}zivin, Jean},
	Date-Added = {2013-03-14 18:43:11 -0400},
	Date-Modified = {2013-03-14 18:44:25 -0400},
	Journal = {UPGRADE -- The European Journal for the Informatics Professional},
	Number = {2},
	Pages = {21--24},
	Title = {{In Search of a Basic Principle for Model Driven Engineering}},
	Volume = {5},
	Year = {2004}}

@inproceedings{Briand:UMLChangeMng:2013cr,
	Author = {Briand, L.C. and Labiche, Y. and O''Sullivan, L.},
	Booktitle = {Software Maintenance, 2003. ICSM 2003. Proceedings. International Conference on},
	Date-Added = {2013-03-14 18:30:12 -0400},
	Date-Modified = {2013-03-14 18:32:13 -0400},
	Doi = {10.1109/ICSM.2003.1235428},
	Issn = {1063-6773},
	Keywords = {formal specification;object-oriented programming;software development management;software maintenance;specification languages;Object Constraint Language;UML analysis;UML design;UML diagrams;UML models;Unified Modeling Language;automated support;change management;change taxonomy;consistency check;decision-making;impact analysis;planning process;potential consequences;prototype tool;software evolution;Computer errors;Costs;Decision making;Design engineering;Laboratories;Performance analysis;Software quality;Software systems;Systems engineering and theory;Unified modeling language},
	Pages = {256-265},
	Title = {Impact analysis and change management of UML models},
	Year = {Sept.},
	Bdsk-Url-1 = {http://dx.doi.org/10.1109/ICSM.2003.1235428}}

@book{Brambilla:MDE:2012dq,
	Author = {Marco Brambilla and Jordi Cabot and Manuel Wimmer},
	Bibsource = {DBLP, http://dblp.uni-trier.de},
	Date-Added = {2013-03-14 18:19:52 -0400},
	Date-Modified = {2013-03-14 18:20:16 -0400},
	Ee = {http://dx.doi.org/10.2200/S00441ED1V01Y201208SWE001},
	Publisher = {Morgan {\&} Claypool Publishers},
	Series = {Synthesis Lectures on Software Engineering},
	Title = {Model-Driven Software Engineering in Practice},
	Year = {2012}}

@book{Steinberg:2009bh,
	Author = {Steinberg, David and Budinsky, Frank and Paternostro, Marcelo and Merks, Ed},
	Date-Added = {2013-03-14 17:19:18 -0400},
	Date-Modified = {2013-03-14 17:19:18 -0400},
	Edition = {2nd},
	Isbn = {0321331885},
	Publisher = {Addison-Wesley Professional},
	Title = {EMF: Eclipse Modeling Framework 2.0},
	Year = {2009}}

@book{Steinberg:EMFBook:2008qf,
	Author = {Dave Steinberg and Frank Budinsky and Marcelo Paternostro and Ed Merks},
	Date-Added = {2013-03-14 17:11:04 -0400},
	Date-Modified = {2013-03-14 17:12:00 -0400},
	Edition = {second},
	Isbn = {0321331885},
	Month = dec,
	Publisher = {{Addison-Wesley} Professional},
	Title = {{EMF:} Eclipse Modeling Framework},
	Year = {2008}}

@webpage{EMF:2013ly,
	Date-Added = {2013-03-14 17:09:09 -0400},
	Date-Modified = {2013-03-14 17:16:06 -0400},
	Howpublished = {Eclipse project Website},
	Key = {URL},
	Title = {Eclipse Modeling Framework.},
	Url = {http://www.eclipse.org/modeling/emf/},
	Urldate = {March 2013},
	Year = mar2013,
	Bdsk-Url-1 = {http://www.eclipse.org/emf/}}

@incollection{Taentzer:AGG:2000zr,
	Author = {Taentzer, Gabriele},
	Booktitle = {Applications of Graph Transformations with Industrial Relevance},
	Date-Added = {2013-03-14 17:03:16 -0400},
	Date-Modified = {2013-03-14 17:03:29 -0400},
	Doi = {10.1007/3-540-45104-8_41},
	Editor = {Nagl, Manfred and Sch{\"u}rr, Andreas and M{\"u}nch, Manfred},
	Isbn = {978-3-540-67658-4},
	Language = {English},
	Pages = {481-488},
	Publisher = {Springer Berlin Heidelberg},
	Series = {Lecture Notes in Computer Science},
	Title = {AGG: A Tool Environment for Algebraic Graph Transformation},
	Url = {http://dx.doi.org/10.1007/3-540-45104-8_41},
	Volume = {1779},
	Year = {2000},
	Bdsk-Url-1 = {http://dx.doi.org/10.1007/3-540-45104-8_41}}

@inproceedings{Fischer:SDM:2000ys,
	Acmid = {668867},
	Address = {London, UK, UK},
	Author = {Fischer, Thorsten and Niere, J\"{o}rg and Torunski, Lars and Z\"{u}ndorf, Albert},
	Booktitle = {Selected papers from the 6th International Workshop on Theory and Application of Graph Transformations},
	Date-Added = {2013-03-14 16:58:42 -0400},
	Date-Modified = {2013-03-14 16:58:59 -0400},
	Isbn = {3-540-67203-6},
	Numpages = {14},
	Pages = {296--309},
	Publisher = {Springer-Verlag},
	Series = {TAGT'98},
	Title = {Story Diagrams: A New Graph Rewrite Language Based on the Unified Modeling Language and Java},
	Url = {http://dl.acm.org/citation.cfm?id=645872.668867},
	Year = {2000},
	Bdsk-Url-1 = {http://dl.acm.org/citation.cfm?id=645872.668867}}

@article{Bancilhon:UpdateDB:1981kx,
	Acmid = {319634},
	Address = {New York, NY, USA},
	Author = {Bancilhon, F. and Spyratos, N.},
	Date-Added = {2013-03-14 16:16:01 -0400},
	Date-Modified = {2013-03-14 19:44:51 -0400},
	Doi = {10.1145/319628.319634},
	Issn = {0362-5915},
	Issue_Date = {Dec. 1981},
	Journal = {ACM Trans. Database Syst.},
	Keywords = {conceptual model, data model, data semantics, database view, relation, relational model database, update translation, view updating},
	Month = dec,
	Number = {4},
	Numpages = {19},
	Pages = {557--575},
	Publisher = {ACM},
	Title = {Update semantics of relational views},
	Url = {http://doi.acm.org/10.1145/319628.319634},
	Volume = {6},
	Year = {1981},
	Bdsk-Url-1 = {http://doi.acm.org/10.1145/319628.319634},
	Bdsk-Url-2 = {http://dx.doi.org/10.1145/319628.319634}}

@inproceedings{Lechtenborger:2003uq,
	Acmid = {773159},
	Address = {New York, NY, USA},
	Author = {Lechtenb\"{o}rger, Jens},
	Booktitle = {Proceedings of the twenty-second ACM SIGMOD-SIGACT-SIGART symposium on Principles of database systems},
	Date-Added = {2013-03-14 15:11:38 -0400},
	Date-Modified = {2013-03-14 15:11:38 -0400},
	Doi = {10.1145/773153.773159},
	Isbn = {1-58113-670-6},
	Location = {San Diego, California},
	Numpages = {7},
	Pages = {49--55},
	Publisher = {ACM},
	Series = {PODS '03},
	Title = {The impact of the constant complement approach towards view updating},
	Url = {http://doi.acm.org/10.1145/773153.773159},
	Year = {2003},
	Bdsk-Url-1 = {http://doi.acm.org/10.1145/773153.773159},
	Bdsk-Url-2 = {http://dx.doi.org/10.1145/773153.773159}}

@inproceedings{hermann2012:concurrent,
	Acmid = {2259296},
	Address = {Berlin, Heidelberg},
	Author = {Hermann, Frank and Ehrig, Hartmut and Ermel, Claudia and Orejas, Fernando},
	Booktitle = {Proceedings of the 15th international conference on Fundamental Approaches to Software Engineering},
	Date-Added = {2013-03-14 14:22:52 -0400},
	Date-Modified = {2013-03-14 14:23:29 -0400},
	Doi = {10.1007/978-3-642-28872-2_13},
	Isbn = {978-3-642-28871-5},
	Keywords = {bidirectional model transformation, conflict resolution, correctness, model synchronization, model versioning, triple graph grammars},
	Location = {Tallinn, Estonia},
	Numpages = {16},
	Pages = {178--193},
	Publisher = {Springer-Verlag},
	Series = {FASE'12},
	Title = {Concurrent model synchronization with conflict resolution based on triple graph grammars},
	Url = {http://dx.doi.org/10.1007/978-3-642-28872-2_13},
	Year = {2012},
	Bdsk-Url-1 = {http://dx.doi.org/10.1007/978-3-642-28872-2_13}}

@proceedings{:2010ve,
	Bibsource = {DBLP, http://dblp.uni-trier.de},
	Booktitle = {Graph Transformations and Model-Driven Engineering},
	Date-Added = {2013-03-08 17:37:24 -0500},
	Date-Modified = {2013-03-08 17:37:24 -0500},
	Editor = {Gregor Engels and Claus Lewerentz and Wilhelm Sch{\"a}fer and Andy Sch{\"u}rr and Bernhard Westfechtel},
	Ee = {http://dx.doi.org/10.1007/978-3-642-17322-6},
	Isbn = {978-3-642-17321-9},
	Publisher = {Springer},
	Series = {Lecture Notes in Computer Science},
	Title = {Graph Transformations and Model-Driven Engineering - Essays Dedicated to Manfred Nagl on the Occasion of his 65th Birthday},
	Volume = {5765},
	Year = {2010}}

@inproceedings{Golas:2012ly,
	Author = {Ulrike Golas and Leen Lambers and Hartmut Ehrig and Holger Giese},
	Bibsource = {DBLP, http://dblp.uni-trier.de},
	Booktitle = {ICGT},
	Crossref = {DBLP:conf/gg/2012},
	Date-Added = {2013-03-08 17:31:28 -0500},
	Date-Modified = {2013-03-08 17:31:28 -0500},
	Ee = {http://dx.doi.org/10.1007/978-3-642-33654-6_10},
	Pages = {141-155},
	Title = {Toward Bridging the Gap between Formal Foundations and Current Practice for Triple Graph Grammars - Flexible Relations between Source and Target Elements},
	Year = {2012}}

@inproceedings{Zinovy:2008:AlgForSynch,
	Acmid = {1434661},
	Address = {Berlin, Heidelberg},
	Author = {Diskin, Zinovy},
	Booktitle = {Proceedings of the 11th international conference on Model Driven Engineering Languages and Systems},
	Date-Added = {2013-03-06 11:08:23 -0500},
	Date-Modified = {2013-03-06 11:08:23 -0500},
	Doi = {10.1007/978-3-540-87875-9_2},
	Isbn = {978-3-540-87874-2},
	Location = {Toulouse, France},
	Numpages = {16},
	Pages = {21--36},
	Publisher = {Springer-Verlag},
	Series = {MoDELS '08},
	Title = {Algebraic Models for Bidirectional Model Synchronization},
	Url = {http://dx.doi.org/10.1007/978-3-540-87875-9_2},
	Year = {2008},
	Bdsk-Url-1 = {http://dx.doi.org/10.1007/978-3-540-87875-9_2}}

@incollection{Ehrig:2004:ATGFundemental,
	Author = {Ehrig, Hartmut and Prange, Ulrike and Taentzer, Gabriele},
	Booktitle = {Graph Transformations},
	Date-Added = {2013-02-25 13:54:08 -0500},
	Date-Modified = {2013-02-25 13:54:27 -0500},
	Doi = {10.1007/978-3-540-30203-2_13},
	Editor = {Ehrig, Hartmut and Engels, Gregor and Parisi-Presicce, Francesco and Rozenberg, Grzegorz},
	Isbn = {978-3-540-23207-0},
	Pages = {161-177},
	Publisher = {Springer Berlin Heidelberg},
	Series = {Lecture Notes in Computer Science},
	Title = {Fundamental Theory for Typed Attributed Graph Transformation},
	Url = {http://dx.doi.org/10.1007/978-3-540-30203-2_13},
	Volume = {3256},
	Year = {2004},
	Bdsk-Url-1 = {http://dx.doi.org/10.1007/978-3-540-30203-2_13}}

@inproceedings{Berthold:2000vn,
	Author = {Berthold, Michael R and Fischer, Ingrid and Koch, Manuel},
	Booktitle = {Proceedings Joint APPLIGRAPH/GETGRATS Workshop on Graph Transformation Systems},
	Date-Added = {2013-02-25 13:53:00 -0500},
	Date-Modified = {2013-02-25 13:53:00 -0500},
	Pages = {171--178},
	Title = {Attributed graph transformation with partial attribution},
	Year = {2000}}

@incollection{Ehrig:2004:FundementalATG,
	Author = {Ehrig, Hartmut and Prange, Ulrike and Taentzer, Gabriele},
	Booktitle = {Graph Transformations},
	Date-Added = {2013-02-24 21:53:56 -0500},
	Date-Modified = {2013-02-24 21:54:39 -0500},
	Doi = {10.1007/978-3-540-30203-2_13},
	Editor = {Ehrig, Hartmut and Engels, Gregor and Parisi-Presicce, Francesco and Rozenberg, Grzegorz},
	Isbn = {978-3-540-23207-0},
	Pages = {161-177},
	Publisher = {Springer Berlin Heidelberg},
	Series = {Lecture Notes in Computer Science},
	Title = {Fundamental Theory for Typed Attributed Graph Transformation},
	Url = {http://dx.doi.org/10.1007/978-3-540-30203-2_13},
	Volume = {3256},
	Year = {2004},
	Bdsk-Url-1 = {http://dx.doi.org/10.1007/978-3-540-30203-2_13}}

@webpage{OMG:QVT:2011,
	Date-Added = {2013-02-22 16:47:23 -0500},
	Date-Modified = {2013-03-04 19:20:24 -0500},
	Lastchecked = {Friday, February 22, 2013},
	Month = {January},
	Title = {Meta Object Facility (MOF) 2.0 Query/View/ Transformation Specification, OMG document},
	Url = {http://www.omg.org/spec/QVT/},
	Year = {2011},
	Bdsk-Url-1 = {http://citeseerx.ist.psu.edu/showciting?cid=7237504},
	Bdsk-Url-2 = {http://www.omg.org/spec/QVT/1.1/PDF/}}

@inproceedings{Balogh:2006:Viatra2,
	Acmid = {1141575},
	Address = {New York, NY, USA},
	Author = {Balogh, Andr\'{a}s and Varr\'{o}, D\'{a}niel},
	Booktitle = {Proceedings of the 2006 ACM symposium on Applied computing},
	Date-Added = {2013-02-22 16:41:36 -0500},
	Date-Modified = {2013-02-22 16:42:00 -0500},
	Doi = {10.1145/1141277.1141575},
	Isbn = {1-59593-108-2},
	Location = {Dijon, France},
	Numpages = {8},
	Pages = {1280--1287},
	Publisher = {ACM},
	Series = {SAC '06},
	Title = {Advanced model transformation language constructs in the VIATRA2 framework},
	Url = {http://doi.acm.org/10.1145/1141277.1141575},
	Year = {2006},
	Bdsk-Url-1 = {http://doi.acm.org/10.1145/1141277.1141575},
	Bdsk-Url-2 = {http://dx.doi.org/10.1145/1141277.1141575}}

@article{Jouault:2008:ATL,
	Acmid = {1385713},
	Address = {Amsterdam, The Netherlands, The Netherlands},
	Author = {Jouault, Fr{\'e}d{\'e}ric and Allilaire, Freddy and B{\'e}zivin, Jean and Kurtev, Ivan},
	Date-Added = {2013-02-22 16:34:27 -0500},
	Date-Modified = {2013-02-22 16:35:41 -0500},
	Doi = {10.1016/j.scico.2007.08.002},
	Issn = {0167-6423},
	Issue_Date = {June, 2008},
	Journal = {Science of Computer Programming},
	Keywords = {M2M (model-to-model transformation), Model engineering, Model transformation},
	Month = jun,
	Number = {1-2},
	Numpages = {9},
	Pages = {31--39},
	Publisher = {Elsevier North-Holland, Inc.},
	Title = {ATL: A model transformation tool},
	Url = {http://dx.doi.org/10.1016/j.scico.2007.08.002},
	Volume = {72},
	Year = {2008},
	Bdsk-Url-1 = {http://dx.doi.org/10.1016/j.scico.2007.08.002}}

@incollection{antkiewicz2008:DesigndSpace,
	Author = {Antkiewicz, Micha{\l} and Czarnecki, Krzysztof},
	Booktitle = {Generative and Transformational Techniques in Software Engineering II},
	Date-Added = {2013-02-22 16:28:08 -0500},
	Date-Modified = {2013-02-22 16:29:12 -0500},
	Doi = {10.1007/978-3-540-88643-3_1},
	Editor = {L{\"a}mmel, Ralf and Visser, Joost and Saraiva, Jo{\~a}o},
	Isbn = {978-3-540-88642-6},
	Pages = {3-46},
	Publisher = {Springer Berlin Heidelberg},
	Series = {Lecture Notes in Computer Science},
	Title = {Design Space of Heterogeneous Synchronization},
	Url = {http://dx.doi.org/10.1007/978-3-540-88643-3_1},
	Volume = {5235},
	Year = {2008},
	Bdsk-Url-1 = {http://dx.doi.org/10.1007/978-3-540-88643-3_1}}

@article{buneman2000:UnQL,
	Author = {Buneman, Peter and Fernandez, Mary and Suciu, Dan},
	Date-Added = {2013-02-22 16:22:36 -0500},
	Date-Modified = {2013-02-22 16:22:59 -0500},
	Journal = {The VLDB Journal---The International Journal on Very Large Data Bases},
	Number = {1},
	Pages = {76--110},
	Publisher = {Springer-Verlag New York, Inc.},
	Title = {UnQL: a query language and algebra for semistructured data based on structural recursion},
	Volume = {9},
	Year = {2000}}

@inproceedings{hidaka2011:Groundtram,
	Author = {Hidaka, Soichiro and Hu, Zhenjiang and Inaba, Kazuhiro and Kato, Hiroyuki and Nakano, Keisuke},
	Booktitle = {Automated Software Engineering (ASE), 2011 26th IEEE/ACM International Conference on},
	Date-Added = {2013-02-22 16:10:20 -0500},
	Date-Modified = {2013-02-22 16:10:32 -0500},
	Organization = {IEEE},
	Pages = {480--483},
	Title = {GRoundTram: An integrated framework for developing well-behaved bidirectional model transformations},
	Year = {2011}}

@article{Bohannon:2008:Boomerang,
	Acmid = {1328487},
	Address = {New York, NY, USA},
	Author = {Bohannon, Aaron and Foster, J. Nathan and Pierce, Benjamin C. and Pilkiewicz, Alexandre and Schmitt, Alan},
	Date-Added = {2013-02-22 16:07:08 -0500},
	Date-Modified = {2013-02-22 16:09:37 -0500},
	Doi = {10.1145/1328897.1328487},
	Issn = {0362-1340},
	Issue_Date = {January 2008},
	Journal = {SIGPLAN Not.},
	Keywords = {bidirectional languages, lenses, regular string transducers, regular types, view update problem},
	Month = jan,
	Number = {1},
	Numpages = {13},
	Pages = {407--419},
	Publisher = {ACM},
	Title = {Boomerang: resourceful lenses for string data},
	Url = {http://doi.acm.org/10.1145/1328897.1328487},
	Volume = {43},
	Year = {2008},
	Bdsk-Url-1 = {http://doi.acm.org/10.1145/1328897.1328487},
	Bdsk-Url-2 = {http://dx.doi.org/10.1145/1328897.1328487}}

@inproceedings{Hofmann:2011:SymLens,
	Acmid = {1926428},
	Address = {New York, NY, USA},
	Author = {Hofmann, Martin and Pierce, Benjamin and Wagner, Daniel},
	Booktitle = {Proceedings of the 38th annual ACM SIGPLAN-SIGACT symposium on Principles of programming languages},
	Date-Added = {2013-02-22 16:03:38 -0500},
	Date-Modified = {2013-02-22 16:05:05 -0500},
	Doi = {10.1145/1926385.1926428},
	Isbn = {978-1-4503-0490-0},
	Keywords = {algebra, category theory, lens, view-update},
	Location = {Austin, Texas, USA},
	Numpages = {14},
	Pages = {371--384},
	Publisher = {ACM},
	Series = {POPL '11},
	Title = {Symmetric lenses},
	Url = {http://doi.acm.org/10.1145/1926385.1926428},
	Year = {2011},
	Bdsk-Url-1 = {http://doi.acm.org/10.1145/1926385.1926428},
	Bdsk-Url-2 = {http://dx.doi.org/10.1145/1926385.1926428}}

@article{giese2009:IncrementalSynch,
	Abstract = {The model-driven software development paradigm requires that appropriate model transformations are applicable in different stages of the development process. The transformations have to consistently propagate changes between the different involved models and thus ensure a proper model synchronization. However, most approaches today do not fully support the requirements for model synchronization and focus only on classical one-way batch-oriented transformations. In this paper, we present our approach for an incremental model transformation which supports model synchronization. Our approach employs the visual, formal, and bidirectional transformation technique of triple graph grammars. Using this declarative specification formalism, we focus on the efficient execution of the transformation rules and how to achieve an incremental model transformation for synchronization purposes. We present an evaluation of our approach and demonstrate that due to the speedup for the incremental processing in the average case even larger models can be tackled.},
	Affiliation = {Hasso Plattner Institute at the University of Potsdam System Analysis and Modeling Group Prof.-Dr.-Helmert-Str. 2-3 14482 Potsdam Germany},
	Author = {Giese, Holger and Wagner, Robert},
	Date-Added = {2013-02-22 15:55:07 -0500},
	Date-Modified = {2013-02-22 15:57:36 -0500},
	Issn = {1619-1366},
	Issue = {1},
	Journal = {Software and Systems Modeling},
	Keyword = {Computer Science},
	Pages = {21-43},
	Publisher = {Springer Berlin / Heidelberg},
	Title = {From model transformation to incremental bidirectional model synchronization},
	Url = {http://dx.doi.org/10.1007/s10270-008-0089-9},
	Volume = {8},
	Year = {2009},
	Bdsk-Url-1 = {http://dx.doi.org/10.1007/s10270-008-0089-9}}

@article{klassen2012:emorf,
	Author = {Klassen, Lilija and Wagner, Robert},
	Date-Added = {2013-02-22 15:48:46 -0500},
	Date-Modified = {2013-02-22 15:49:30 -0500},
	Journal = {Electronic Communications of the EASST},
	Title = {EMorF-A tool for model transformations},
	Volume = {54},
	Year = {2012}}

@techreport{greenyer2008:TGGInter,
	Author = {Greenyer, Joel and Kindler, Ekkart and Rieke, Jan and Travkin, Oleg},
	Date-Added = {2013-02-22 15:45:43 -0500},
	Date-Modified = {2013-02-22 15:45:58 -0500},
	Institution = {Department of Computer Science, University of Paderborn Paderborn, Germany},
	Title = {TGGs for Transforming UML to CSP: Contribution to the AGTIVE 2007 Graph Transformation Tools Contest},
	Year = {2008}}

@article{giese2012:Bridging,
	Author = {Giese, Holger and Hildebrandt, Stephan and Lambers, Leen},
	Date-Added = {2013-02-22 15:43:19 -0500},
	Date-Modified = {2013-02-22 15:43:33 -0500},
	Journal = {Software and Systems Modeling},
	Pages = {1--27},
	Publisher = {Springer},
	Title = {Bridging the gap between formal semantics and implementation of triple graph grammars},
	Year = {2012}}

@article{anjorin2011:emoflon,
	Author = {Anjorin, Anthony and Lauder, Marius and Patzina, Sven and Sch{\"u}rr, Andy},
	Date-Added = {2013-02-22 15:39:17 -0500},
	Date-Modified = {2013-02-22 15:39:37 -0500},
	Journal = {Proc. of MEMWe},
	Title = {eMoflon: Leveraging EMF and Professional CASE Tools},
	Year = {2011}}

@article{DBLP:journals/eceasst/AnjorinOZS12,
	Author = {Anthony Anjorin and Sebastian Oster and Ivan Zorcic and Andy Sch{\"u}rr},
	Bibsource = {DBLP, http://dblp.uni-trier.de},
	Date-Added = {2013-02-22 15:33:52 -0500},
	Date-Modified = {2013-02-22 15:33:52 -0500},
	Ee = {http://journal.ub.tu-berlin.de/eceasst/article/view/724},
	Journal = {ECEASST},
	Title = {Optimizing Model-Based Software Product Line Testing with Graph Transformations},
	Volume = {47},
	Year = {2012}}

@inproceedings{Ehrig:2008:RMT:OnTheRel,
	Acmid = {1402950},
	Address = {New York, NY, USA},
	Author = {Ehrig, Hartmut and Ermel, Claudia and Hermann, Frank},
	Booktitle = {Proceedings of the third international workshop on Graph and model transformations},
	Date-Added = {2013-02-22 15:23:23 -0500},
	Date-Modified = {2013-02-22 15:23:38 -0500},
	Doi = {10.1145/1402947.1402950},
	Isbn = {978-1-60558-033-3},
	Keywords = {graph transformation, model transformation, triple graph grammars},
	Location = {Leipzig, Germany},
	Numpages = {8},
	Pages = {9--16},
	Publisher = {ACM},
	Series = {GRaMoT '08},
	Title = {On the relationship of model transformations based on triple and plain graph grammars},
	Url = {http://doi.acm.org/10.1145/1402947.1402950},
	Year = {2008},
	Bdsk-Url-1 = {http://doi.acm.org/10.1145/1402947.1402950},
	Bdsk-Url-2 = {http://dx.doi.org/10.1145/1402947.1402950}}

@inproceedings{Ehrig:2009:OCC:OnTheFly,
	Acmid = {1691344},
	Address = {Berlin, Heidelberg},
	Author = {Ehrig, Hartmut and Ermel, Claudia and Hermann, Frank and Prange, Ulrike},
	Booktitle = {Proceedings of the 12th International Conference on Model Driven Engineering Languages and Systems},
	Date-Added = {2013-02-22 15:19:03 -0500},
	Date-Modified = {2013-02-22 15:19:23 -0500},
	Doi = {10.1007/978-3-642-04425-0_18},
	Isbn = {978-3-642-04424-3},
	Keywords = {Model transformation, correctness, triple graph grammars},
	Location = {Denver, CO},
	Numpages = {15},
	Pages = {241--255},
	Publisher = {Springer-Verlag},
	Series = {MODELS '09},
	Title = {On-the-Fly Construction, Correctness and Completeness of Model Transformations Based on Triple Graph Grammars},
	Url = {http://dx.doi.org/10.1007/978-3-642-04425-0_18},
	Year = {2009},
	Bdsk-Url-1 = {http://dx.doi.org/10.1007/978-3-642-04425-0_18}}

@inproceedings{Hermann:2010:FAF:FunctionalBeh,
	Acmid = {1928177},
	Address = {Berlin, Heidelberg},
	Author = {Hermann, Frank and Ehrig, Hartmut and Orejas, Fernando and Golas, Ulrike},
	Booktitle = {Proceedings of the 5th international conference on Graph transformations},
	Date-Added = {2013-02-22 15:16:09 -0500},
	Date-Modified = {2013-02-22 15:16:38 -0500},
	Isbn = {3-642-15927-3, 978-3-642-15927-5},
	Keywords = {confluence, functional behaviour, model transformation, triple graph grammars},
	Location = {Enschede, The Netherlands},
	Numpages = {16},
	Pages = {155--170},
	Publisher = {Springer-Verlag},
	Series = {ICGT'10},
	Title = {Formal analysis of functional behaviour for model transformations based on triple graph grammars},
	Url = {http://dl.acm.org/citation.cfm?id=1928162.1928177},
	Year = {2010},
	Bdsk-Url-1 = {http://dl.acm.org/citation.cfm?id=1928162.1928177}}

@techreport{Kindler2007:TGGConcepts,
	Author = {Ekkart Kindler AND Robert Wagner},
	Date-Added = {2013-02-22 15:13:03 -0500},
	Date-Modified = {2013-02-22 15:13:44 -0500},
	Institution = {Software Engineering Group, Department of Computer Science, University of Paderborn},
	Month = {June},
	Number = {tr-ri-07-284},
	Pages = {75},
	Title = {Triple Graph Grammars: Concepts, Extensions, Implementations, and Application Scenarios},
	Year = {2007}}

@inproceedings{Golas:2012:TBG:TGGRecentFormalDef,
	Acmid = {2415461},
	Address = {Berlin, Heidelberg},
	Author = {Golas, Ulrike and Lambers, Leen and Ehrig, Hartmut and Giese, Holger},
	Booktitle = {Proceedings of the 6th international conference on Graph Transformations},
	Date-Added = {2013-02-22 15:07:05 -0500},
	Date-Modified = {2013-02-22 15:07:47 -0500},
	Doi = {10.1007/978-3-642-33654-6_10},
	Isbn = {978-3-642-33653-9},
	Location = {Bremen, Germany},
	Numpages = {15},
	Pages = {141--155},
	Publisher = {Springer-Verlag},
	Series = {ICGT'12},
	Title = {Toward bridging the gap between formal foundations and current practice for triple graph grammars: flexible relations between source and target elements},
	Url = {http://dx.doi.org/10.1007/978-3-642-33654-6_10},
	Year = {2012},
	Bdsk-Url-1 = {http://dx.doi.org/10.1007/978-3-642-33654-6_10}}

@inproceedings{Ehrig:2007:IPB:TGGFromalDef,
	Acmid = {1759404},
	Address = {Berlin, Heidelberg},
	Author = {Ehrig, Hartmut and Ehrig, Karsten and Ermel, Claudia and Hermann, Frank and Taentzer, Gabriele},
	Booktitle = {Proceedings of the 10th international conference on Fundamental approaches to software engineering},
	Date-Added = {2013-02-22 15:05:02 -0500},
	Date-Modified = {2013-02-22 15:05:34 -0500},
	Isbn = {978-3-540-71288-6},
	Location = {Braga, Portugal},
	Numpages = {15},
	Pages = {72--86},
	Publisher = {Springer-Verlag},
	Series = {FASE'07},
	Title = {Information preserving bidirectional model transformations},
	Url = {http://dl.acm.org/citation.cfm?id=1759394.1759404},
	Year = {2007},
	Bdsk-Url-1 = {http://dl.acm.org/citation.cfm?id=1759394.1759404}}

@article{Konigs:2006:TGGFormalDefSetBased,
	Acmid = {1707049},
	Address = {Amsterdam, The Netherlands, The Netherlands},
	Author = {K\"{o}nigs, Alexander and Sch\"{u}rr, Andy},
	Date-Added = {2013-02-22 15:03:06 -0500},
	Date-Modified = {2013-02-22 15:03:52 -0500},
	Doi = {10.1016/j.entcs.2005.12.015},
	Issn = {1571-0661},
	Issue_Date = {February, 2006},
	Journal = {Electron. Notes Theor. Comput. Sci.},
	Keywords = {MDA, QVT, model integration, tool integration, triple graph grammars},
	Month = feb,
	Number = {1},
	Numpages = {38},
	Pages = {113--150},
	Publisher = {Elsevier Science Publishers B. V.},
	Title = {Tool Integration with Triple Graph Grammars - A Survey},
	Url = {http://dx.doi.org/10.1016/j.entcs.2005.12.015},
	Volume = {148},
	Year = {2006},
	Bdsk-Url-1 = {http://dx.doi.org/10.1016/j.entcs.2005.12.015}}

@incollection{Schurr:1995:TGGIntro,
	Author = {Sch{\"u}rr, Andy},
	Booktitle = {Graph-Theoretic Concepts in Computer Science},
	Date-Added = {2013-02-22 14:56:43 -0500},
	Date-Modified = {2013-02-22 15:03:03 -0500},
	Doi = {10.1007/3-540-59071-4_45},
	Editor = {Mayr, ErnstW. and Schmidt, Gunther and Tinhofer, Gottfried},
	Isbn = {978-3-540-59071-2},
	Pages = {151-163},
	Publisher = {Springer Berlin Heidelberg},
	Series = {Lecture Notes in Computer Science},
	Title = {Specification of graph translators with triple graph grammars},
	Url = {http://dx.doi.org/10.1007/3-540-59071-4_45},
	Volume = {903},
	Year = {1995},
	Bdsk-Url-1 = {http://dx.doi.org/10.1007/3-540-59071-4_45}}

@inproceedings{Schurr:2008:15Years,
	Acmid = {1432126},
	Address = {Berlin, Heidelberg},
	Author = {Sch\"{u}rr, Andy and Klar, Felix},
	Booktitle = {Proceedings of the 4th international conference on Graph Transformations},
	Date-Added = {2013-02-22 14:41:47 -0500},
	Date-Modified = {2013-02-22 14:42:15 -0500},
	Doi = {10.1007/978-3-540-87405-8_28},
	Isbn = {978-3-540-87404-1},
	Keywords = {graph translation, model transformation, rule application, triple graph grammars},
	Location = {Leicester, United Kingdom},
	Numpages = {15},
	Pages = {411--425},
	Publisher = {Springer-Verlag},
	Series = {ICGT '08},
	Title = {15 Years of Triple Graph Grammars},
	Url = {http://dx.doi.org/10.1007/978-3-540-87405-8_28},
	Year = {2008},
	Bdsk-Url-1 = {http://dx.doi.org/10.1007/978-3-540-87405-8_28}}

@incollection{Ehrig:2004fk,
	Author = {Ehrig, Hartmut and Prange, Ulrike and Taentzer, Gabriele},
	Booktitle = {Graph Transformations},
	Date-Added = {2013-02-22 04:00:29 -0500},
	Date-Modified = {2013-02-22 04:00:33 -0500},
	Doi = {10.1007/978-3-540-30203-2_13},
	Editor = {Ehrig, Hartmut and Engels, Gregor and Parisi-Presicce, Francesco and Rozenberg, Grzegorz},
	Isbn = {978-3-540-23207-0},
	Pages = {161-177},
	Publisher = {Springer Berlin Heidelberg},
	Series = {Lecture Notes in Computer Science},
	Title = {Fundamental Theory for Typed Attributed Graph Transformation},
	Url = {http://dx.doi.org/10.1007/978-3-540-30203-2_13},
	Volume = {3256},
	Year = {2004},
	Bdsk-Url-1 = {http://dx.doi.org/10.1007/978-3-540-30203-2_13}}

@article{steven:QVT-Semantic2010,
	Abstract = {We consider the OMG's queries, views and transformations standard as applied to the specification of bidirectional transformations between models. We discuss what is meant by bidirectional transformations, and the model-driven development scenarios in which they are needed. We analyse the fundamental requirements on tools which support such transformations, and discuss some semantic issues which arise. In particular, we show that any transformation language sufficient to the needs of model-driven development would have to be able to express non-bijective transformations. We argue that a considerable amount of basic research is needed before suitable tools will be fully realisable, and suggest directions for this future research.},
	Affiliation = {University of Edinburgh School of Informatics Edinburgh UK},
	Author = {Stevens, Perdita},
	Date-Added = {2013-02-22 03:27:49 -0500},
	Date-Modified = {2013-02-22 03:29:39 -0500},
	Issn = {1619-1366},
	Issue = {1},
	Journal = {Software and Systems Modeling},
	Keyword = {Computer Science},
	Note = {10.1007/s10270-008-0109-9},
	Pages = {7-20},
	Publisher = {Springer Berlin / Heidelberg},
	Title = {Bidirectional model transformations in QVT: semantic issues and open questions},
	Url = {http://dx.doi.org/10.1007/s10270-008-0109-9},
	Volume = {9},
	Year = {2010},
	Bdsk-Url-1 = {http://dx.doi.org/10.1007/s10270-008-0109-9}}

@article{Ehrig:2006:OverviewOfFormalConcept,
	Acmid = {1706916},
	Address = {Amsterdam, The Netherlands, The Netherlands},
	Author = {Ehrig, Hartmut and Ehrig, Karsten},
	Date-Added = {2013-02-22 03:18:14 -0500},
	Date-Modified = {2013-02-22 03:32:35 -0500},
	Doi = {10.1016/j.entcs.2006.01.011},
	Issn = {1571-0661},
	Issue_Date = {March, 2006},
	Journal = {Electron. Notes Theor. Comput. Sci.},
	Keywords = {formal concepts, graph transformation, model transformation, overview, typed attributed graph transformation},
	Month = mar,
	Numpages = {20},
	Pages = {3--22},
	Publisher = {Elsevier Science Publishers B. V.},
	Title = {Overview of Formal Concepts for Model Transformations Based on Typed Attributed Graph Transformation},
	Url = {http://dx.doi.org/10.1016/j.entcs.2006.01.011},
	Volume = {152},
	Year = {2006},
	Bdsk-Url-1 = {http://dx.doi.org/10.1016/j.entcs.2006.01.011}}

@book{book:Ehrig2010,
	Author = {Ehrig, Hartmut and Ehrig, Karsten and Prange, Ulrike and Taentzer, Gabriele},
	Date-Added = {2013-02-22 03:10:10 -0500},
	Date-Modified = {2013-02-22 03:31:15 -0500},
	Edition = {1st},
	Isbn = {3642068316, 9783642068317},
	Publisher = {Springer Publishing Company, Incorporated},
	Title = {Fundamentals of Algebraic Graph Transformation},
	Year = {2010},
	Bdsk-File-1 = {YnBsaXN0MDDUAQIDBAUGJCVYJHZlcnNpb25YJG9iamVjdHNZJGFyY2hpdmVyVCR0b3ASAAGGoKgHCBMUFRYaIVUkbnVsbNMJCgsMDRBWJGNsYXNzV05TLmtleXNaTlMub2JqZWN0c4AHog4PgAKAA6IREoAEgAVccmVsYXRpdmVQYXRoWWFsaWFzRGF0YV8QRy4uLy4uL2Jvb2svU2Nob29sL0dUL0Z1bmRhbWVudGFscyBvZiBBbGdlYnJhaWMgR3JhcGggVHJhbnNmb3JtYXRpb24ucGRm0gkXGBlXTlMuZGF0YYAGTxECHgAAAAACHgACAAAMTWFjaW50b3NoIEhEAAAAAAAAAAAAAAAAAAAAzP6FDkgrAAAADMGpH0Z1bmRhbWVudGFscyBvZiBBbGdlIzE0RUJEQy5wZGYAAAAAAAAAAAAAAAAAAAAAAAAAAAAAAAAAAAAAAAAAAAAU69zNGhpdAAAAAAAAAAAAAgAEAAAJIAAAAAAAAAAAAAAAAAAAAAJHVAAQAAgAAMz+y14AAAARAAgAAM0aYK0AAAABABgADMGpAAvBGgALB1kABfLtAAXy4AAAk/EAAgBTTWFjaW50b3NoIEhEOlVzZXJzOmhhbWlkZ2g6RG9jdW1lbnRzOmJvb2s6U2Nob29sOkdUOkZ1bmRhbWVudGFscyBvZiBBbGdlIzE0RUJEQy5wZGYAAA4AZgAyAEYAdQBuAGQAYQBtAGUAbgB0AGEAbABzACAAbwBmACAAQQBsAGcAZQBiAHIAYQBpAGMAIABHAHIAYQBwAGgAIABUAHIAYQBuAHMAZgBvAHIAbQBhAHQAaQBvAG4ALgBwAGQAZgAPABoADABNAGEAYwBpAG4AdABvAHMAaAAgAEgARAASAFlVc2Vycy9oYW1pZGdoL0RvY3VtZW50cy9ib29rL1NjaG9vbC9HVC9GdW5kYW1lbnRhbHMgb2YgQWxnZWJyYWljIEdyYXBoIFRyYW5zZm9ybWF0aW9uLnBkZgAAEwABLwAAFQACAA7//wAA0hscHR5aJGNsYXNzbmFtZVgkY2xhc3Nlc11OU011dGFibGVEYXRhox0fIFZOU0RhdGFYTlNPYmplY3TSGxwiI1xOU0RpY3Rpb25hcnmiIiBfEA9OU0tleWVkQXJjaGl2ZXLRJidUcm9vdIABAAgAEQAaACMALQAyADcAQABGAE0AVABcAGcAaQBsAG4AcABzAHUAdwCEAI4A2ADdAOUA5wMJAw4DGQMiAzADNAM7A0QDSQNWA1kDawNuA3MAAAAAAAACAQAAAAAAAAAoAAAAAAAAAAAAAAAAAAADdQ==}}

@book{book:Rozenberg1997,
	Address = {River Edge, NJ, USA},
	Date-Added = {2013-02-22 03:07:23 -0500},
	Date-Modified = {2013-02-22 03:30:26 -0500},
	Editor = {Rozenberg, Grzegorz},
	Isbn = {98-102288-48},
	Publisher = {World Scientific Publishing Co., Inc.},
	Title = {Handbook of graph grammars and computing by graph transformation: volume I. foundations},
	Year = {1997},
	Bdsk-File-1 = {YnBsaXN0MDDUAQIDBAUGJCVYJHZlcnNpb25YJG9iamVjdHNZJGFyY2hpdmVyVCR0b3ASAAGGoKgHCBMUFRYaIVUkbnVsbNMJCgsMDRBWJGNsYXNzV05TLmtleXNaTlMub2JqZWN0c4AHog4PgAKAA6IREoAEgAVccmVsYXRpdmVQYXRoWWFsaWFzRGF0YV8QVi4uLy4uL2Jvb2svU2Nob29sL0hhbmRib29rIG9mIEdyYXBoIEdyYW1tYXJzIGFuZCBDb21wdXRpbmcgYnkgR3JhcGggVHJhbnNmb3JtYXRpb24ucGRm0gkXGBlXTlMuZGF0YYAGTxECTAAAAAACTAACAAAMTWFjaW50b3NoIEhEAAAAAAAAAAAAAAAAAAAAzP6FDkgrAAAAC8EaH0hhbmRib29rIG9mIEdyYXBoIEdyYSNENjg0Ri5wZGYAAAAAAAAAAAAAAAAAAAAAAAAAAAAAAAAAAAAAAAAAAAANaE/L5CjOAAAAAAAAAAAAAgADAAAJIAAAAAAAAAAAAAAAAAAAAAZTY2hvb2wAEAAIAADM/steAAAAEQAIAADL5GEOAAAAAQAUAAvBGgALB1kABfLtAAXy4AAAk/EAAgBQTWFjaW50b3NoIEhEOlVzZXJzOmhhbWlkZ2g6RG9jdW1lbnRzOmJvb2s6U2Nob29sOkhhbmRib29rIG9mIEdyYXBoIEdyYSNENjg0Ri5wZGYADgCKAEQASABhAG4AZABiAG8AbwBrACAAbwBmACAARwByAGEAcABoACAARwByAGEAbQBtAGEAcgBzACAAYQBuAGQAIABDAG8AbQBwAHUAdABpAG4AZwAgAGIAeQAgAEcAcgBhAHAAaAAgAFQAcgBhAG4AcwBmAG8AcgBtAGEAdABpAG8AbgAuAHAAZABmAA8AGgAMAE0AYQBjAGkAbgB0AG8AcwBoACAASABEABIAaFVzZXJzL2hhbWlkZ2gvRG9jdW1lbnRzL2Jvb2svU2Nob29sL0hhbmRib29rIG9mIEdyYXBoIEdyYW1tYXJzIGFuZCBDb21wdXRpbmcgYnkgR3JhcGggVHJhbnNmb3JtYXRpb24ucGRmABMAAS8AABUAAgAO//8AANIbHB0eWiRjbGFzc25hbWVYJGNsYXNzZXNdTlNNdXRhYmxlRGF0YaMdHyBWTlNEYXRhWE5TT2JqZWN00hscIiNcTlNEaWN0aW9uYXJ5oiIgXxAPTlNLZXllZEFyY2hpdmVy0SYnVHJvb3SAAQAIABEAGgAjAC0AMgA3AEAARgBNAFQAXABnAGkAbABuAHAAcwB1AHcAhACOAOcA7AD0APYDRgNLA1YDXwNtA3EDeAOBA4YDkwOWA6gDqwOwAAAAAAAAAgEAAAAAAAAAKAAAAAAAAAAAAAAAAAAAA7I=}}

@article{Diskin:AsymmDelta:2011,
	Author = {Zinovy Diskin and Yingfei Xiong and Krzysztof Czarnecki},
	Bibsource = {DBLP, http://dblp.uni-trier.de},
	Date-Added = {2013-02-18 02:52:42 -0500},
	Date-Modified = {2013-03-14 19:55:30 -0400},
	Ee = {http://dx.doi.org/10.5381/jot.2011.10.1.a6},
	Journal = {Journal of Object Technology},
	Pages = {6: 1-25},
	Title = {From State- to Delta-Based Bidirectional Model Transformations: the Asymmetric Case},
	Volume = {10},
	Year = {2011},
	Bdsk-File-1 = {YnBsaXN0MDDUAQIDBAUGJCVYJHZlcnNpb25YJG9iamVjdHNZJGFyY2hpdmVyVCR0b3ASAAGGoKgHCBMUFRYaIVUkbnVsbNMJCgsMDRBWJGNsYXNzV05TLmtleXNaTlMub2JqZWN0c4AHog4PgAKAA6IREoAEgAVccmVsYXRpdmVQYXRoWWFsaWFzRGF0YV8QiS4uLy4uLy4uL0dvb2dsZSBEcml2ZS9wYXBlcnMvQlhNVC9aaW5vdnkgQlggcGFwZXJzL0Zyb20gU3RhdGUtIHRvIERlbHRhLUJhc2VkIEJpZGlyZWN0aW9uYWwgTW9kZWwgVHJhbnNmb3JtYXRpb25zIHRoZSBBc3ltbWV0cmljIENhc2UucGRm0gkXGBlXTlMuZGF0YYAGTxECuAAAAAACuAACAAAMTWFjaW50b3NoIEhEAAAAAAAAAAAAAAAAAAAAzP6FDkgrAAAACLcjH0Zyb20gU3RhdGUtIHRvIERlbHRhLSM4QTE1NS5wZGYAAAAAAAAAAAAAAAAAAAAAAAAAAAAAAAAAAAAAAAAAAAAIoVXM7/pbAAAAAAAAAAAAAwAFAAAJIAAAAAAAAAAAAAAAAAAAABBaaW5vdnkgQlggcGFwZXJzABAACAAAzP7LXgAAABEACAAAzPBAqwAAAAEAGAAItyMACJ71AAidOgAInJ8ABfLgAACT8QACAGRNYWNpbnRvc2ggSEQ6VXNlcnM6aGFtaWRnaDpHb29nbGUgRHJpdmU6cGFwZXJzOkJYTVQ6Wmlub3Z5IEJYIHBhcGVyczpGcm9tIFN0YXRlLSB0byBEZWx0YS0jOEExNTUucGRmAA4ArgBWAEYAcgBvAG0AIABTAHQAYQB0AGUALQAgAHQAbwAgAEQAZQBsAHQAYQAtAEIAYQBzAGUAZAAgAEIAaQBkAGkAcgBlAGMAdABpAG8AbgBhAGwAIABNAG8AZABlAGwAIABUAHIAYQBuAHMAZgBvAHIAbQBhAHQAaQBvAG4AcwAgAHQAaABlACAAQQBzAHkAbQBtAGUAdAByAGkAYwAgAEMAYQBzAGUALgBwAGQAZgAPABoADABNAGEAYwBpAG4AdABvAHMAaAAgAEgARAASAI5Vc2Vycy9oYW1pZGdoL0dvb2dsZSBEcml2ZS9wYXBlcnMvQlhNVC9aaW5vdnkgQlggcGFwZXJzL0Zyb20gU3RhdGUtIHRvIERlbHRhLUJhc2VkIEJpZGlyZWN0aW9uYWwgTW9kZWwgVHJhbnNmb3JtYXRpb25zIHRoZSBBc3ltbWV0cmljIENhc2UucGRmABMAAS8AABUAAgAO//8AANIbHB0eWiRjbGFzc25hbWVYJGNsYXNzZXNdTlNNdXRhYmxlRGF0YaMdHyBWTlNEYXRhWE5TT2JqZWN00hscIiNcTlNEaWN0aW9uYXJ5oiIgXxAPTlNLZXllZEFyY2hpdmVy0SYnVHJvb3SAAQAIABEAGgAjAC0AMgA3AEAARgBNAFQAXABnAGkAbABuAHAAcwB1AHcAhACOARoBHwEnASkD5QPqA/UD/gQMBBAEFwQgBCUEMgQ1BEcESgRPAAAAAAAAAgEAAAAAAAAAKAAAAAAAAAAAAAAAAAAABFE=}}
