%% This BibTeX bibliography file was created using BibDesk.
%% http://bibdesk.sourceforge.net/


%% Created for Hamid gh at 2013-03-07 15:29:39 -0500 


%% Saved with string encoding Unicode (UTF-8) 



@article{stevens12,
	Author = {Perdita Stevens},
	Bibsource = {DBLP, http://dblp.uni-trier.de},
	Ee = {http://journal.ub.tu-berlin.de/eceasst/article/view/714},
	Journal = {ECEASST},
	Title = {Observations relating to the equivalences induced on model sets by bidirectional transformations},
	Volume = {49},
	Year = {2012}}

@article{mike-i-bob-bx12,
	Author = {Michael Johnson and Robert D. Rosebrugh},
	Bibsource = {DBLP, http://dblp.uni-trier.de},
	Ee = {http://journal.ub.tu-berlin.de/eceasst/article/view/729},
	Journal = {ECEASST},
	Title = {Lens put-put laws: monotonic and mixed},
	Volume = {49},
	Year = {2012}}

@inproceedings{page-modelMigration-models10,
	Author = {Louis M. Rose and Markus Herrmannsdoerfer and James R. Williams and Dimitrios S. Kolovos and Kelly Garc{\'e}s and Richard F. Paige and Fiona A. C. Polack},
	Bibsource = {DBLP, http://dblp.uni-trier.de},
	Booktitle = {MoDELS (1)},
	Crossref = {DBLP:conf/models/2010-1},
	Ee = {http://dx.doi.org/10.1007/978-3-642-16145-2_5},
	Pages = {61-75},
	Title = {A Comparison of Model Migration Tools},
	Year = {2010}}

@inproceedings{valle-gogolla-icmt12,
	Author = {Antonio Vallecillo and Martin Gogolla},
	Bibsource = {DBLP, http://dblp.uni-trier.de},
	Booktitle = {ICMT},
	Crossref = {DBLP:conf/icmt/2012},
	Ee = {http://dx.doi.org/10.1007/978-3-642-30476-7_4},
	Pages = {56-71},
	Title = {Typing Model Transformations Using Tracts},
	Year = {2012}}

@proceedings{DBLP:conf/icmt/2012,
	Bibsource = {DBLP, http://dblp.uni-trier.de},
	Booktitle = {ICMT},
	Editor = {Zhenjiang Hu and Juan de Lara},
	Ee = {http://dx.doi.org/10.1007/978-3-642-30476-7},
	Isbn = {978-3-642-30475-0},
	Publisher = {Springer},
	Series = {Lecture Notes in Computer Science},
	Title = {Theory and Practice of Model Transformations - 5th International Conference, ICMT 2012, Prague, Czech Republic, May 28-29, 2012. Proceedings},
	Volume = {7307},
	Year = {2012}}

@inproceedings{me-accat12,
	Author = {Zinovy Diskin and T. S. E. Maibaum},
	Bibsource = {DBLP, http://dblp.uni-trier.de},
	Booktitle = {ACCAT},
	Crossref = {DBLP:journals/corr/abs-1208-4301},
	Ee = {http://dx.doi.org/10.4204/EPTCS.93.1},
	Pages = {1-21},
	Title = {Category Theory and Model-Driven Engineering: From Formal Semantics to Design Patterns and Beyond},
	Year = {2012}}

@proceedings{DBLP:journals/corr/abs-1208-4301,
	Bibsource = {DBLP, http://dblp.uni-trier.de},
	Booktitle = {ACCAT},
	Editor = {Ulrike Golas and Thomas Soboll},
	Ee = {http://dx.doi.org/10.4204/EPTCS.93},
	Series = {EPTCS},
	Title = {Proceedings Seventh ACCAT Workshop on Applied and Computational Category Theory},
	Volume = {93},
	Year = {2012}}

@inproceedings{me-fase12,
	Author = {Zinovy Diskin and Tom Maibaum and Krzysztof Czarnecki},
	Bibsource = {DBLP, http://dblp.uni-trier.de},
	Booktitle = {FASE},
	Crossref = {DBLP:conf/fase/2012},
	Ee = {http://dx.doi.org/10.1007/978-3-642-28872-2_12},
	Pages = {163-177},
	Title = {Intermodeling, Queries, and Kleisli Categories},
	Year = {2012}}

@proceedings{DBLP:conf/fase/2012,
	Bibsource = {DBLP, http://dblp.uni-trier.de},
	Booktitle = {FASE},
	Editor = {Juan de Lara and Andrea Zisman},
	Ee = {http://dx.doi.org/10.1007/978-3-642-28872-2},
	Isbn = {978-3-642-28871-5},
	Publisher = {Springer},
	Series = {Lecture Notes in Computer Science},
	Title = {Fundamental Approaches to Software Engineering - 15th International Conference, FASE 2012, Held as Part of the European Joint Conferences on Theory and Practice of Software, ETAPS 2012, Tallinn, Estonia, March 24 - April 1, 2012. Proceedings},
	Volume = {7212},
	Year = {2012}}

@inproceedings{rutle-tools,
	Author = {Adrian Rutle and Alessandro Rossini and Yngve Lamo and Uwe Wolter},
	Bibsource = {DBLP, http://dblp.uni-trier.de},
	Booktitle = {TOOLS (47)},
	Crossref = {DBLP:conf/tools/47-2009},
	Ee = {http://dx.doi.org/10.1007/978-3-642-02571-6_4},
	Pages = {37-56},
	Title = {A Diagrammatic Formalisation of MOF-Based Modelling Languages},
	Year = {2009}}

@proceedings{DBLP:conf/tools/47-2009,
	Bibsource = {DBLP, http://dblp.uni-trier.de},
	Booktitle = {TOOLS (47)},
	Editor = {Manuel Oriol and Bertrand Meyer},
	Ee = {http://dx.doi.org/10.1007/978-3-642-02571-6},
	Isbn = {978-3-642-02570-9},
	Publisher = {Springer},
	Series = {Lecture Notes in Business Information Processing},
	Title = {Objects, Components, Models and Patterns, 47th International Conference, TOOLS EUROPE 2009, Zurich, Switzerland, June 29-July 3, 2009. Proceedings},
	Volume = {33},
	Year = {2009}}

@article{bran08,
	Author = {Bran Selic},
	Bibsource = {DBLP, http://dblp.uni-trier.de},
	Ee = {http://dx.doi.org/10.1007/s10515-008-0035-7},
	Journal = {Autom. Softw. Eng.},
	Number = {3-4},
	Pages = {379-391},
	Title = {Personal reflections on automation, programming culture, and model-based software engineering},
	Volume = {15},
	Year = {2008}}

@inproceedings{shaw96,
	Author = {M. Shaw},
	Booktitle = {{Dagstuhl Workshop on Software Architecture}},
	Title = {Three patterns that help explain the development of software engineering (position paper)},
	Year = 1996}

@inproceedings{boronat08,
	Author = {Artur Boronat and Alexander Knapp and Jos{\'e} Meseguer and Martin Wirsing},
	Bibsource = {DBLP, http://dblp.uni-trier.de},
	Booktitle = {WADT},
	Crossref = {DBLP:conf/wadt/2008},
	Ee = {http://dx.doi.org/10.1007/978-3-642-03429-9_6},
	Pages = {71-87},
	Title = {What Is a Multi-modeling Language?},
	Year = {2008}}

@proceedings{DBLP:conf/wadt/2008,
	Bibsource = {DBLP, http://dblp.uni-trier.de},
	Booktitle = {WADT},
	Editor = {Andrea Corradini and Ugo Montanari},
	Ee = {http://dx.doi.org/10.1007/978-3-642-03429-9},
	Isbn = {978-3-642-03428-2},
	Publisher = {Springer},
	Series = {Lecture Notes in Computer Science},
	Title = {Recent Trends in Algebraic Development Techniques, 19th International Workshop, WADT 2008, Pisa, Italy, June 13-16, 2008, Revised Selected Papers},
	Volume = {5486},
	Year = {2009}}

@inproceedings{boronat09-fase,
	Author = {Artur Boronat and Reiko Heckel and Jos{\'e} Meseguer},
	Bibsource = {DBLP, http://dblp.uni-trier.de},
	Booktitle = {FASE},
	Crossref = {DBLP:conf/fase/2009},
	Ee = {http://dx.doi.org/10.1007/978-3-642-00593-0_2},
	Pages = {18-33},
	Title = {Rewriting Logic Semantics and Verification of Model Transformations},
	Year = {2009}}

@proceedings{DBLP:conf/fase/2009,
	Bibsource = {DBLP, http://dblp.uni-trier.de},
	Booktitle = {FASE},
	Editor = {Marsha Chechik and Martin Wirsing},
	Ee = {http://dx.doi.org/10.1007/978-3-642-00593-0},
	Isbn = {978-3-642-00592-3},
	Publisher = {Springer},
	Series = {Lecture Notes in Computer Science},
	Title = {Fundamental Approaches to Software Engineering, 12th International Conference, FASE 2009, Held as Part of the Joint European Conferences on Theory and Practice of Software, ETAPS 2009, York, UK, March 22-29, 2009. Proceedings},
	Volume = {5503},
	Year = {2009}}

@article{rutle12,
	Author = {Adrian Rutle and Alessandro Rossini and Yngve Lamo and Uwe Wolter},
	Bibsource = {DBLP, http://dblp.uni-trier.de},
	Ee = {http://dx.doi.org/10.1016/j.jlap.2012.03.006},
	Journal = {J. Log. Algebr. Program.},
	Number = {4},
	Pages = {422-457},
	Title = {A formal approach to the specification and transformation of constraints in MDE},
	Volume = {81},
	Year = {2012}}

@inproceedings{tom95-toolbox,
	Author = {J. L. Fiadeiro and T. S. E. Maibaum},
	Booktitle = {8th Int. Workshop on Software Specification and Design},
	Editor = {J. Kramer and A. Wolf},
	Pages = {46-55},
	Publisher = {IEEE CS Press},
	Title = {A Mathematical Toolbox for the Software Architect},
	Year = 1995}

@article{tom92-tempo,
	Author = {Jos{\'e} Luiz Fiadeiro and T. S. E. Maibaum},
	Bibsource = {DBLP, http://dblp.uni-trier.de},
	Ee = {http://dx.doi.org/10.1007/BF01212304},
	Journal = {Formal Asp. Comput.},
	Number = {3},
	Pages = {239-272},
	Title = {Temporal Theories as Modularisation Units for Concurrent System Specification},
	Volume = {4},
	Year = {1992}}

@inproceedings{tom95-inter,
	Author = {Jos{\'e} Luiz Fiadeiro and T. S. E. Maibaum},
	Bibsource = {DBLP, http://dblp.uni-trier.de},
	Booktitle = {SIGSOFT FSE},
	Ee = {http://doi.acm.org/10.1145/222124.222141},
	Pages = {72-80},
	Title = {Interconnecting Formalisms: Supporting Modularity, Reuse and Incrementality},
	Year = {1995}}

@article{joro10,
	Author = {Michael Johnson and Robert D. Rosebrugh and Richard J. Wood},
	Bibsource = {DBLP, http://dblp.uni-trier.de},
	Ee = {http://dx.doi.org/10.3217/jucs-016-05-0729},
	Journal = {J. UCS},
	Number = {5},
	Pages = {729-748},
	Title = {Algebras and Update Strategies},
	Volume = {16},
	Year = {2010}}

@inproceedings{joro12,
	Author = {Michael Johnson and Robert D. Rosebrugh},
	Journal = {{ECEASST}},
	Note = {To appear. http://www.easst.org/eceasst},
	Title = {Lens put-put laws: monotonic and mixed},
	Year = {2012}}

@inproceedings{frank-models11,
	Author = {Frank Hermann and Hartmut Ehrig and Fernando Orejas and Krzysztof Czarnecki and Zinovy Diskin and Yingfei Xiong},
	Bibsource = {DBLP, http://dblp.uni-trier.de},
	Booktitle = {MoDELS},
	Crossref = {DBLP:conf/models/2011},
	Ee = {http://dx.doi.org/10.1007/978-3-642-24485-8_49},
	Pages = {668-682},
	Title = {Correctness of Model Synchronization Based on Triple Graph Grammars},
	Year = {2011}}

@inproceedings{gabi-models09,
	Author = {Stefan Jurack and Gabriele Taentzer},
	Bibsource = {DBLP, http://dblp.uni-trier.de},
	Booktitle = {MoDELS},
	Crossref = {DBLP:conf/models/2009},
	Ee = {http://dx.doi.org/10.1007/978-3-642-04425-0_17},
	Pages = {226-240},
	Title = {Towards Composite Model Transformations Using Distributed Graph Transformation Concepts},
	Year = {2009}}

@proceedings{DBLP:conf/models/2009,
	Bibsource = {DBLP, http://dblp.uni-trier.de},
	Booktitle = {MoDELS},
	Editor = {Andy Sch{\"u}rr and Bran Selic},
	Ee = {http://dx.doi.org/10.1007/978-3-642-04425-0},
	Isbn = {978-3-642-04424-3},
	Publisher = {Springer},
	Series = {Lecture Notes in Computer Science},
	Title = {Model Driven Engineering Languages and Systems, 12th International Conference, MODELS 2009, Denver, CO, USA, October 4-9, 2009. Proceedings},
	Volume = {5795},
	Year = {2009}}

@inproceedings{rutle-fase10,
	Author = {Adrian Rutle and Alessandro Rossini and Yngve Lamo and Uwe Wolter},
	Bibsource = {DBLP, http://dblp.uni-trier.de},
	Booktitle = {FASE},
	Crossref = {DBLP:conf/fase/2010},
	Ee = {http://dx.doi.org/10.1007/978-3-642-12029-9_2},
	Pages = {13-28},
	Title = {A Formalisation of Constraint-Aware Model Transformations},
	Year = {2010}}

@proceedings{DBLP:conf/fase/2010,
	Bibsource = {DBLP, http://dblp.uni-trier.de},
	Booktitle = {FASE},
	Editor = {David S. Rosenblum and Gabriele Taentzer},
	Ee = {http://dx.doi.org/10.1007/978-3-642-12029-9},
	Isbn = {978-3-642-12028-2},
	Publisher = {Springer},
	Series = {Lecture Notes in Computer Science},
	Title = {Fundamental Approaches to Software Engineering, 13th International Conference, FASE 2010, Held as Part of the Joint European Conferences on Theory and Practice of Software, ETAPS 2010, Paphos, Cyprus, March 20-28, 2010. Proceedings},
	Volume = {6013},
	Year = {2010}}

@inproceedings{me-models11,
	Author = {Z. Diskin and Y. Xiong and K. Czarnecki and H. Ehrig and F. Hermann and F. Orejas},
	Bibsource = {DBLP, http://dblp.uni-trier.de},
	Booktitle = {MoDELS},
	Crossref = {DBLP:conf/models/2011},
	Ee = {http://dx.doi.org/10.1007/978-3-642-24485-8_22},
	Pages = {304-318},
	Title = {From State- to Delta-Based Bidirectional Model Transformations: The Symmetric Case},
	Year = {2011}}

@proceedings{DBLP:conf/models/2011,
	Bibsource = {DBLP, http://dblp.uni-trier.de},
	Booktitle = {MoDELS},
	Editor = {J. Whittle and T. Clark and T. K{\"u}hne},
	Ee = {http://dx.doi.org/10.1007/978-3-642-24485-8},
	Isbn = {978-3-642-24484-1},
	Publisher = {Springer},
	Series = {Lecture Notes in Computer Science},
	Title = {Model Driven Engineering Languages and Systems, 14th International Conference, MODELS 2011, Wellington, New Zealand, October 16-21, 2011. Proceedings},
	Volume = {6981},
	Year = {2011}}

@inproceedings{fiadeiro04,
	Author = {Jos{\'e} Luiz Fiadeiro},
	Bibsource = {DBLP, http://dblp.uni-trier.de},
	Booktitle = {ICTAC},
	Crossref = {DBLP:conf/ictac/2004},
	Ee = {http://dx.doi.org/10.1007/978-3-540-31862-0_1},
	Pages = {1-13},
	Title = {Software Services: Scientific Challenge or Industrial Hype?},
	Year = {2004}}

@proceedings{DBLP:conf/ictac/2004,
	Bibsource = {DBLP, http://dblp.uni-trier.de},
	Booktitle = {ICTAC},
	Editor = {Zhiming Liu and Keijiro Araki},
	Isbn = {3-540-25304-1},
	Publisher = {Springer},
	Series = {Lecture Notes in Computer Science},
	Title = {Theoretical Aspects of Computing - ICTAC 2004, First International Colloquium, Guiyang, China, September 20-24, 2004, Revised Selected Papers},
	Volume = {3407},
	Year = {2005}}

@inproceedings{rossini12-deepmeta,
	Author = {Alessandro Rossini and and Juan de Lara and Esther Guerra and Adrian Rutle and Yngve Lamo},
	Bibsource = {DBLP, http://dblp.uni-trier.de},
	Booktitle = {AGTIVE 2012},
	Ee = {http://dx.doi.org/10.1016/j.jlap.2009.10.003},
	Note = {To appear},
	Title = {A Graph Transformation-based Semantics for Deep Metamodelling},
	Year = {2012}}

@article{rossini10,
	Author = {Alessandro Rossini and Adrian Rutle and Yngve Lamo and Uwe Wolter},
	Bibsource = {DBLP, http://dblp.uni-trier.de},
	Ee = {http://dx.doi.org/10.1016/j.jlap.2009.10.003},
	Journal = {J. Log. Algebr. Program.},
	Number = {7},
	Pages = {636-658},
	Title = {A formalisation of the copy-modify-merge approach to version control in MDE},
	Volume = {79},
	Year = {2010}}

@inproceedings{antonio-edoc09,
	Author = {J. Romero and J. Jaen and A. Vallecillo},
	Bibsource = {DBLP, http://dblp.uni-trier.de},
	Booktitle = {EDOC},
	Crossref = {DBLP:conf/edoc/2009},
	Ee = {http://doi.ieeecomputersociety.org/10.1109/EDOC.2009.23},
	Pages = {163-172},
	Title = {Realizing Correspondences in Multi-viewpoint Specifications},
	Year = {2009}}

@proceedings{DBLP:conf/edoc/2009,
	Bibsource = {DBLP, http://dblp.uni-trier.de},
	Booktitle = {EDOC},
	Isbn = {978-0-7695-3785-6},
	Publisher = {IEEE Computer Society},
	Title = {Proceedings of the 13th IEEE International Enterprise Distributed Object Computing Conference, EDOC 2009, 1-4 September 2009, Auckland, New Zealand},
	Year = {2009}}

@techreport{myTR-kleisli,
	Author = {Z. Diskin and T. Maibaum and K. Czarnecki},
	Howpublished = {{\url{http://gsd.uwaterloo.ca/QMapTR} }},
	Institution = {University of Waterloo},
	Number = {GSDLab-TR 2011-10-01},
	Title = {Intermodeling, queries, and {Kleisli} categories},
	Year = {2011}}

@inproceedings{specware96,
	Author = {Richard J{\"u}llig and Yellamraju V. Srinivas and J. Liu},
	Bibsource = {DBLP, http://dblp.uni-trier.de},
	Booktitle = {AMAST},
	Crossref = {DBLP:conf/amast/1996},
	Ee = {http://dx.doi.org/10.1007/BFb0014339},
	Pages = {551-554},
	Title = {SPECWARE: An Advanced Evironment for the Formal Development of Complex Software Systems},
	Year = {1996}}

@proceedings{DBLP:conf/amast/1996,
	Bibsource = {DBLP, http://dblp.uni-trier.de},
	Booktitle = {AMAST},
	Isbn = {3-540-61463-X},
	Publisher = {Springer},
	Series = {Lecture Notes in Computer Science},
	Title = {Algebraic Methodology and Software Technology, 5th International Conference, AMAST '96, Munich, Germany, July 1-5, 1996, Proceedings},
	Volume = {1101},
	Year = {1996}}

@inproceedings{don-models08-xxx,
	Author = {Don S. Batory and Maider Azanza and Jo{\~a}o Saraiva},
	Bibsource = {DBLP, http://dblp.uni-trier.de},
	Booktitle = {MoDELS},
	Crossref = {DBLP:conf/models/2008},
	Doi = {10.1007/978-3-540-87875-9_1},
	Ee = {http://dx.doi.org/10.1007/978-3-540-87875-9_1},
	Pages = {1-20},
	Title = {The Objects and Arrows of Computational Design},
	Year = {2008},
	Bdsk-Url-1 = {http://dx.doi.org/10.1007/978-3-540-87875-9_1}}

@proceedings{DBLP:conf/models/2008-xxx,
	Bibsource = {DBLP, http://dblp.uni-trier.de},
	Booktitle = {MoDELS},
	Isbn = {978-3-540-87874-2},
	Publisher = {Springer},
	Series = {LNCS},
	Title = {Model Driven Engineering Languages and Systems, 11th International Conference, MoDELS 2008, Toulouse, France, September 28 - October 3, 2008. Proceedings},
	Volume = {5301},
	Year = {2008}}

@inproceedings{intermod-guerra10,
	Author = {Esther Guerra and Juan de Lara and Dimitrios S. Kolovos and Richard F. Paige},
	Bibsource = {DBLP, http://dblp.uni-trier.de},
	Booktitle = {MoDELS},
	Crossref = {DBLP:conf/models/2010-1},
	Ee = {http://dx.doi.org/10.1007/978-3-642-16145-2_26},
	Pages = {376-391},
	Title = {Inter-modelling: From Theory to Practice},
	Year = {2010}}

@proceedings{DBLP:conf/models/2010-1,
	Bibsource = {DBLP, http://dblp.uni-trier.de},
	Booktitle = {MoDELS},
	Ee = {http://dx.doi.org/10.1007/978-3-642-16145-2},
	Isbn = {978-3-642-16144-5},
	Publisher = {Springer},
	Series = {LNCS},
	Title = {Model Driven Engineering Languages and Systems - 13th International Conference, MODELS 2010, Oslo, Norway, October 3-8, 2010, Proceedings, Part I},
	Volume = {6394},
	Year = {2010}}

@inproceedings{CX-via-contracts,
	Author = {Antonio Vallecillo and Martin Gogolla},
	Booktitle = {CSXW'11},
	Note = {To appear (hopefully :-)},
	Title = {Coupled Transformations as Contractual Bindings},
	Year = 2011}

@inproceedings{evisser-models08,
	Author = {S. Vermolen and E. Visser},
	Bibsource = {DBLP, http://dblp.uni-trier.de},
	Booktitle = {MoDELS},
	Crossref = {DBLP:conf/models/2008},
	Ee = {http://dx.doi.org/10.1007/978-3-540-87875-9_44},
	Pages = {630-644},
	Title = {Heterogeneous Coupled Evolution of Software Languages},
	Year = {2008}}

@techreport{me-TR-viewmain-double-cats,
	Author = {Z. Diskin},
	Institution = {University of Waterloo},
	Note = {{\url{http://gsd.uwaterloo.ca/node/351}}},
	Number = {GSDLab-TR 2009-12-15},
	Title = {From Lenses to Tiles: Model Synchronization via Double Categories},
	Year = {2009}}

@inproceedings{viewmain-elke/icde06,
	Author = {Maged El-Sayed and Elke A. Rundensteiner and Murali Mani},
	Bibsource = {DBLP, http://dblp.uni-trier.de},
	Booktitle = {ICDE},
	Crossref = {DBLP:conf/icde/2006},
	Doi = {10.1109/ICDE.2006.80},
	Pages = {129},
	Title = {Incremental Maintenance of Materialized {XQuery} Views},
	Year = {2006},
	Bdsk-Url-1 = {http://dx.doi.org/10.1109/ICDE.2006.80}}

@proceedings{DBLP:conf/icde/2006,
	Bibsource = {DBLP, http://dblp.uni-trier.de},
	Booktitle = {ICDE},
	Editor = {Ling Liu and Andreas Reuter and Kyu-Young Whang and Jianjun Zhang},
	Publisher = {IEEE Computer Society},
	Title = {Proceedings of the 22nd International Conference on Data Engineering, ICDE 2006, 3-8 April 2006, Atlanta, GA, USA},
	Year = {2006}}

@book{dbbook-AHV,
	Author = {Serge Abiteboul and Richard Hull and Victor Vianu},
	Bibsource = {DBLP, http://dblp.uni-trier.de},
	Isbn = {0-201-53771-0},
	Publisher = {Addison-Wesley},
	Title = {Foundations of Databases},
	Year = {1995}}

@article{viewmain-guptaM95,
	Author = {A. Gupta and I. Mumick},
	Bibsource = {DBLP, http://dblp.uni-trier.de},
	Ee = {db/journals/debu/GuptaM95.html},
	Journal = {IEEE Data Eng. Bull.},
	Number = {2},
	Pages = {3-18},
	Title = {Maintenance of Materialized Views: Problems, Techniques, and Applications},
	Volume = {18},
	Year = {1995}}

@inproceedings{viewmain-liefke2000,
	Author = {H. Liefke and S. Davidson},
	Bibsource = {DBLP, http://dblp.uni-trier.de},
	Booktitle = {DaWaK},
	Ee = {http://link.springer.de/link/service/series/0558/bibs/1874/18740114.htm},
	Pages = {114-125},
	Title = {View Maintenance for Hierarchical Semistructured Data},
	Year = {2000}}

@inproceedings{viewmain-AbiteboulMRVW98,
	Author = {S. Abiteboul and J. McHugh and M. Rys and V. Vassalos and J.Wiener},
	Bibsource = {DBLP, http://dblp.uni-trier.de},
	Booktitle = {VLDB},
	Crossref = {DBLP:conf/vldb/98},
	Ee = {db/conf/vldb/AbiteboulMRVW98.html},
	Title = {Incremental Maintenance for Materialized Views over Semistructured Data},
	Year = {1998}}

@proceedings{DBLP:conf/vldb/98,
	Bibsource = {DBLP, http://dblp.uni-trier.de},
	Editor = {Ashish Gupta and Oded Shmueli and Jennifer Widom},
	Isbn = {1-55860-566-5},
	Publisher = {Morgan Kaufmann},
	Title = {VLDB'98, Proceedings of 24rd International Conference on Very Large Data Bases, August 24-27, 1998, New York City, New York, USA},
	Year = {1998}}

@inproceedings{viewmain-icde/ZhugeGarcia-Molina98,
	Author = {Y. Zhuge and H. Garcia-Molina},
	Bibsource = {DBLP, http://dblp.uni-trier.de},
	Booktitle = {ICDE},
	Crossref = {DBLP:conf/icde/98},
	Ee = {db/conf/icde/ZhugeG98.html},
	Title = {Graph Structured Views and Their Incremental Maintenance},
	Year = {1998}}

@proceedings{DBLP:conf/icde/98,
	Bibsource = {DBLP, http://dblp.uni-trier.de},
	Isbn = {0-8186-8289-2},
	Publisher = {IEEE Computer Society},
	Title = {Proceedings of the Fourteenth International Conference on Data Engineering, February 23-27, 1998, Orlando, Florida, USA},
	Year = {1998}}

@article{gsdlab-tse09,
	Address = {Los Alamitos, CA, USA},
	Author = {Michal Antkiewicz and Krzysztof Czarnecki and Matthew Stephan},
	Doi = {10.1109/TSE.2009.30},
	Issn = {0098-5589},
	Journal = {IEEE Transactions on Software Engineering},
	Number = {RapidPosts},
	Pages = {795-824},
	Publisher = {IEEE Computer Society},
	Title = {Engineering of Framework-Specific Modeling Languages},
	Volume = {99},
	Year = {2009},
	Bdsk-Url-1 = {http://dx.doi.org/10.1109/TSE.2009.30}}

@techreport{TR,
	Author = {Z. Diskin and Y. Xiong and K. Czarnecki and H. Ehrig and F. Hermann and F. Orejas},
	Institution = {University of Waterloo},
	Note = {{\url{http://gsd.uwaterloo.ca/node/338}. }},
	Number = {GSDLab-TR 2011-05-03},
	Title = {From State- to Delta-based Bidirectional Model Transformations: the Symmetric Case},
	Year = {2011}}

@inproceedings{me-models10,
	Author = {Z. Diskin and Y. Xiong and K. Czarnecki},
	Bibsource = {DBLP, http://dblp.uni-trier.de},
	Booktitle = {MoDELS Workshops: Selected papers.},
	Crossref = {DBLP:conf/models/2010w},
	Ee = {http://dx.doi.org/10.1007/978-3-642-21210-9_16},
	Title = {Specifying Overlaps of Heterogeneous Models for Global Consistency Checking},
	Year = {2010}}

@proceedings{DBLP:conf/models/2010w-long,
	Bibsource = {DBLP, http://dblp.uni-trier.de},
	Booktitle = {MoDELS Workshops},
	Editor = {J. Dingel and A. Solberg},
	Ee = {http://dx.doi.org/10.1007/978-3-642-21210-9},
	Isbn = {978-3-642-21209-3},
	Publisher = {Springer},
	Series = {Lecture Notes in Computer Science},
	Title = {Models in Software Engineering - Workshops and Symposia at MODELS 2010, Oslo, Norway, October 2-8, 2010, Reports and Revised Selected Papers},
	Volume = {6627},
	Year = {2011}}

@techreport{myTR-mdi,
	Author = {Z. Diskin},
	Institution = {{University of Waterloo}},
	Number = {{GSDLAB 2011-02-01}},
	Title = {Towards generic formal semantics for consistency of heterogeneous multimodels},
	Year = 2011}

@inproceedings{me-gttse-long,
	Author = {Zinovy Diskin},
	Bibsource = {DBLP, http://dblp.uni-trier.de},
	Booktitle = {GTTSE},
	Crossref = {DBLP:conf/gttse/2009},
	Doi = {10.1007/978-3-642-18023-1_3},
	Pages = {92-165},
	Title = {Model Synchronization: Mappings, Tiles, and Categories},
	Year = {2009},
	Bdsk-Url-1 = {http://dx.doi.org/10.1007/978-3-642-18023-1_3}}

@proceedings{DBLP:conf/gttse/2009,
	Bibsource = {DBLP, http://dblp.uni-trier.de},
	Editor = {Jo{\~a}o M. Fernandes and Ralf L{\"a}mmel and Joost Visser and Jo{\~a}o Saraiva},
	Ee = {http://dx.doi.org/10.1007/978-3-642-18023-1},
	Isbn = {978-3-642-18022-4},
	Publisher = {Springer},
	Series = {Lecture Notes in Computer Science},
	Title = {Generative and Transformational Techniques in Software Engineering III - International Summer School, GTTSE 2009, Braga, Portugal, July 6-11, 2009. Revised Papers},
	Volume = {6491},
	Year = {2011}}

@inproceedings{me-gttse-xxx,
	Author = {Z. Diskin},
	Booktitle = {Postproceedings GTTSE 2009},
	Editor = {{R. L{\"a}mmel et al.}},
	Publisher = {Springer},
	Series = {LNCS\#6491},
	Title = {{Model synchronization: mappings, tile algebra, and categories}},
	Year = 2011}

@inproceedings{me-icmt10,
	Author = {Zinovy Diskin and Yingfei Xiong and Krzysztof Czarnecki},
	Bibsource = {DBLP, http://dblp.uni-trier.de},
	Booktitle = {ICMT},
	Crossref = {DBLP:conf/icmt/2010},
	Ee = {http://dx.doi.org/10.1007/978-3-642-13688-7_5},
	Pages = {61-76},
	Title = {From State- to Delta-Based Bidirectional Model Transformations},
	Year = {2010}}

@proceedings{DBLP:conf/icmt/2010,
	Bibsource = {DBLP, http://dblp.uni-trier.de},
	Booktitle = {ICMT},
	Editor = {Laurence Tratt and Martin Gogolla},
	Ee = {http://dx.doi.org/10.1007/978-3-642-13688-7},
	Isbn = {978-3-642-13687-0},
	Publisher = {Springer},
	Series = {Lecture Notes in Computer Science},
	Title = {Theory and Practice of Model Transformations, Third International Conference, ICMT 2010, Malaga, Spain, June 28-July 2, 2010. Proceedings},
	Volume = {6142},
	Year = {2010}}

@inproceedings{me-icmt10-xxx,
	Author = {Z. Diskin and Y. Xiong and K. Czarnecki},
	Booktitle = {ICMT},
	Title = {{From State- to Delta-Based Bidirectional Model Transformations}},
	Year = {2010}}

@article{me-jot11,
	Author = {Zinovy Diskin and Yingfei Xiong and Krzysztof Czarnecki},
	Bibsource = {DBLP, http://dblp.uni-trier.de},
	Ee = {http://dx.doi.org/10.5381/jot.2011.10.1.a6},
	Journal = {Journal of Object Technology},
	Pages = {6: 1-25},
	Title = {From State- to Delta-Based Bidirectional Model Transformations: the Asymmetric Case},
	Volume = {10},
	Year = {2011}}

@techreport{mymmt-TR-multimodeling-dac,
	Author = {Z. Diskin and M. Antkiewicz and K. Czarnecki},
	Institution = {{University of Waterloo}},
	Note = {In progress},
	Title = {{Specifying heterogeneous model overlap and consistency}}}

@inproceedings{me-models08-sce,
	Author = {Hongzhi Liang and Zinovy Diskin and J{\"u}rgen Dingel and Ernesto Posse},
	Bibsource = {DBLP, http://dblp.uni-trier.de},
	Booktitle = {MoDELS},
	Crossref = {DBLP:conf/models/2008},
	Ee = {http://dx.doi.org/10.1007/978-3-540-87875-9_15},
	Pages = {204-218},
	Title = {A General Approach for Scenario Integration},
	Year = {2008}}

@proceedings{DBLP:conf/models/2008-xxxx,
	Bibsource = {DBLP, http://dblp.uni-trier.de},
	Booktitle = {MoDELS},
	Editor = {Krzysztof Czarnecki and Ileana Ober and Jean-Michel Bruel and Axel Uhl and Markus V{\"o}lter},
	Isbn = {978-3-540-87874-2},
	Publisher = {Springer},
	Series = {Lecture Notes in Computer Science},
	Title = {Model Driven Engineering Languages and Systems, 11th International Conference, MoDELS 2008, Toulouse, France, September 28 - October 3, 2008. Proceedings},
	Volume = {5301},
	Year = {2008}}

@inproceedings{mmt-eclipse/SalayCEDMNSV07,
	Author = {Rick Salay and Marsha Chechik and Steve M. Easterbrook and Zinovy Diskin and Pete McCormick and Shiva Nejati and Mehrdad Sabetzadeh and Petcharat Viriyakattiyaporn},
	Bibsource = {DBLP, http://dblp.uni-trier.de},
	Booktitle = {ETX},
	Crossref = {DBLP:conf/eclipse/2007},
	Ee = {http://doi.acm.org/10.1145/1328279.1328291},
	Pages = {55-59},
	Title = {An Eclipse-based tool framework for software model management},
	Year = {2007}}

@article{mySke-ENTCS-08,
	Address = {Amsterdam, The Netherlands, The Netherlands},
	Author = {Z. Diskin and U. Wolter},
	Doi = {http://dx.doi.org/10.1016/j.entcs.2008.10.041},
	Issn = {1571-0661},
	Journal = {Electron. Notes Theor. Comput. Sci.},
	Number = {6},
	Pages = {19--41},
	Publisher = {Elsevier Science Publishers B. V.},
	Title = {A Diagrammatic Logic for Object-Oriented Visual Modeling},
	Volume = {203},
	Year = {2008},
	Bdsk-Url-1 = {http://dx.doi.org/10.1016/j.entcs.2008.10.041}}

@inproceedings{me-icse09,
	Acmid = {1564642},
	Author = {Diskin, Z. and Czarnecki, K. and Antkiewicz, M.},
	Booktitle = {ICSE 2009 Workshop on Comparison and Versioning of Software Models},
	Isbn = {978-1-4244-3714-6},
	Note = {http://dx.doi.org/10.1109/CVSM.2009.5071715},
	Publisher = {IEEE Computer Society},
	Title = {Model-versioning-in-the-large: Algebraic foundations and the tile notation},
	Url = {http://dx.doi.org/10.1109/CVSM.2009.5071715},
	Year = {2009},
	Bdsk-Url-1 = {http://dx.doi.org/10.1109/CVSM.2009.5071715}}

@manuscript{myMmt-lenses-and-tiles-09,
	Author = {Z. Diskin and M. Antkiewicz and K. Czarnecki},
	Institution = {{University of Waterloo}},
	Note = {Submitted},
	Title = {{From lenses to tiles: Model synchonization via double categories}},
	Year = 2009}

@inproceedings{sceIntegr-models-08,
	Author = {H. Liang and Z. Diskin and J. Dingel and E. Posse},
	Bibsource = {DBLP, http://dblp.uni-trier.de},
	Booktitle = {MoDELS},
	Crossref = {DBLP:conf/models/2008},
	Ee = {http://dx.doi.org/10.1007/978-3-540-87875-9_15},
	Pages = {204-218},
	Title = {A General Approach for Scenario Integration},
	Year = {2008}}

@article{mmt-merge-packageMerge-08,
	Author = {J{\"u}rgen Dingel and Zinovy Diskin and Alanna Zito},
	Bibsource = {DBLP, http://dblp.uni-trier.de},
	Ee = {http://dx.doi.org/10.1007/s10270-007-0073-9},
	Journal = {Software and System Modeling},
	Number = {4},
	Pages = {443-467},
	Title = {Understanding and improving UML package merge},
	Volume = {7},
	Year = {2008}}

@inproceedings{tools2008,
	Author = {Z. Diskin and S. Easterbrook and J. Dingel},
	Booktitle = {{TOOLS Europe 2008}},
	Editor = {R. Paige and B. Meyer},
	Ee = {http://dx.doi.org/10.1007/978-3-540-69824-1_19},
	Number = 11,
	Publisher = {Springer},
	Series = {LNBIP 11},
	Title = {{Engineering associations: from models to code and back through semantics}},
	Year = 2008}

@techreport{myTR:synchAlgebra,
	Author = {Z. Diskin},
	Howpublished = {http://ftp.cs.toronto.edu/pub/reports/csrg/573/TR-573-bidirSync.pdf},
	Institution = {{University of Toronto}},
	Number = {{CSRG-573}},
	Title = {Algebra of bidirectional model synchronization},
	Year = 2008}

@techreport{myTR-integr08,
	Author = {Z. Diskin and S. Easterbrook and R. Miller},
	Institution = {{University of Toronto}},
	Note = {\url{http://ftp.cs.toronto.edu/pub/reports/csrg/583/TR-583-schemaIntegr.pdf}},
	Number = {{CSRG-583}},
	Title = {Integrating schema integration frameworks, algebraically},
	Year = 2008}

@techreport{myTR-assons07,
	Author = {Z. Diskin},
	Institution = {{University of Toronto}},
	Note = {\url{http://ftp.cs.toronto.edu/pub/reports/csrg/566/TR-566-umlAssons.pdf}},
	Number = {CSRG-566},
	Title = {{Mappings, maps, atlases and tables: A formal semantics for associations in UML2}},
	Year = 2007}

@techreport{myTR-dalg,
	Address = {Kingston, ON, Canada},
	Author = {Z. Diskin and J. Dingel},
	Institution = {{School of Computing, Queen's University}},
	Number = {???},
	Title = {Data as labelled graphs: formal semantics for {UML 2.0} structural contructs (all types of associations, aggregation and composition)},
	Year = 2006}

@incollection{myMmt-generic-dbenchy2005,
	Author = {Z. Diskin and B. Kadish},
	Booktitle = {Encyclopedia of Database Technologies and Applications},
	Editor = {Rivero and Doorn and Ferraggine},
	Isbn = {1-59140-560-2},
	Pages = {258-265},
	Publisher = {Idea Group},
	Title = {Generic Model Management},
	Year = 2005}

@incollection{genericMMt-survey2005,
	Author = {Z. Diskin and B. Kadish},
	Booktitle = {Encyclopedia of Database Technologies and Applications},
	Editor = {Rivero and Doorn and Ferraggine},
	Isbn = {1-59140-560-2},
	Pages = {258-265},
	Publisher = {Idea Group},
	Title = {Generic Model Management},
	Year = 2005}

@incollection{me-dbenchy1-2,
	Author = {Zinovy Diskin},
	Bibsource = {DBLP, http://dblp.uni-trier.de},
	Booktitle = {Encyclopedia of Database Technologies and Applications},
	Crossref = {DBLP:books/idea/EncyDB05},
	Pages = {351-366},
	Title = {Mathematics of Generic Specifications for Model Management},
	Year = {2005}}

@book{DBLP:books/idea/EncyDB05,
	Bibsource = {DBLP, http://dblp.uni-trier.de},
	Editor = {Laura C. Rivero and Jorge Horacio Doorn and Viviana E. Ferraggine},
	Isbn = {1-59140-560-2},
	Publisher = {Idea Group},
	Title = {Encyclopedia of Database Technologies and Applications},
	Year = {2005}}

@inproceedings{me-atem-2006,
	Author = {Z. Diskin and J. Dingel},
	Booktitle = {{ATEM}},
	Title = {{A metamodel independent framework for model transformation: Towards generic model management patterns in reverse engineering}},
	Year = 2006}

@techreport{myTR-ScenarioIntegration-2006,
	Address = {Kingston, Canada},
	Author = {Z. Diskin and J. Dingel and H. Liang},
	Howpublished = {{\tt http://www.cs.queensu.ca/TechReports/reports2006.html}},
	Institution = {{Queen's University}},
	Number = {2006-517},
	Title = {Scenario integration via Higher-Order Graphs},
	Year = 2006}

@inproceedings{me-models06,
	Author = {Zinovy Diskin and J{\"u}rgen Dingel},
	Bibsource = {DBLP, http://dblp.uni-trier.de},
	Booktitle = {MoDELS},
	Crossref = {DBLP:conf/models/2006},
	Ee = {http://dx.doi.org/10.1007/11880240_17},
	Pages = {230-244},
	Title = {Mappings, Maps and Tables: Towards Formal Semantics for Associations in UML2},
	Year = {2006}}

@proceedings{DBLP:conf/models/2006,
	Bibsource = {DBLP, http://dblp.uni-trier.de},
	Booktitle = {MoDELS},
	Editor = {Oscar Nierstrasz and Jon Whittle and David Harel and Gianna Reggio},
	Isbn = {3-540-45772-0},
	Publisher = {Springer},
	Series = {Lecture Notes in Computer Science},
	Title = {Model Driven Engineering Languages and Systems, 9th International Conference, MoDELS 2006, Genova, Italy, October 1-6, 2006, Proceedings},
	Volume = {4199},
	Year = {2006}}

@inproceedings{me-MDBD92,
	Address = {Riga, Latvia},
	Author = {Z. Diskin},
	Booktitle = {Methods of Database Design, MDBD'92},
	Pages = {28-33},
	Series = {Baltic Int.Conference},
	Title = {A Mathematical Framework for Comparing Expressive Powers of Different Data Model},
	Year = 1992}

@inproceedings{MDBD92Cadish,
	Address = {Riga, Latvia},
	Author = {B. Cadish},
	Booktitle = {Methods of Database Design, MDBD'92},
	Pages = {9-20},
	Series = {Baltic Int.Conference},
	Title = {The equivalence of extended {ER}-diagrams},
	Year = 1992}

@techreport{myTR-CaDi1,
	Address = {Riga, Latvia},
	Author = {Cadish and Z. Diskin},
	Institution = {Frame Inform Systems/LDBD},
	Number = 9301,
	Title = {Algebraic graph-oriented approach to view integration. {P}art {I}: {S}pecification framework and general strategy},
	Year = 1993}

@techreport{myTR-CaDi2,
	Address = {Riga,Latvia},
	Author = {B. Cadish and Z. Diskin},
	Institution = {Frame Inform Systems/LDBD},
	Number = 9403,
	Title = {Algebraic graph-based approach to management of multibase systems. {P}art~1: {V}iew integration via sketches and equations},
	Year = 1994}

@techreport{myTR-AlgAspects,
	Address = {Riga, Latvia},
	Author = {Z. Diskin},
	Institution = {Frame Inform Systems/LDBD},
	Number = 9307,
	Title = {Algebraic graph-based approach to management of multibase systems, {II}: {A}lgebraic aspects of schema integration},
	Year = 1994}

@incollection{me-aul94,
	Address = {Riga, Latvia},
	Author = {Z. Diskin and B. Cadish},
	Booktitle = {{Acta Universitatis Latviensis. {M}atematika}},
	Pages = {83-96},
	Publisher = {University of Latvia},
	Title = {Abstract queries, schema transformations and algebraic theories: {A}n application of categorical algebra to database theory},
	Volume = 595,
	Year = 1994}

@techreport{myTR-AlgInTR,
	Address = {Riga, Latvia},
	Author = {Z. Diskin},
	Institution = {Frame Inform Systems/LDBD},
	Note = {(On ftp: .../PAPERS-Math/algin.*)},
	Number = 9404,
	Title = {Algebraizing institutions: Incorporating algebraic logic methodology into the institution framework for building of specifications},
	Year = 1994}

@inproceedings{me-Florence,
	Author = {Z. Diskin},
	Booktitle = {{10th Int.Congress of Logic,Methodology and Philosophy of Science, Florence, 1995}},
	Note = {(On ftp: .../ PAPERS-Math/lmpsci95.ps.gz)},
	Publisher = {Kluwer Acad.Publ.},
	Title = {Formalization of graphical schemas: {G}eneral sketch-based logic vs. heuristic pictures},
	Year = 1997}

@inproceedings{me-NGITS95,
	Address = {Naharia, Israel},
	Author = {B. Cadish and Z. Diskin},
	Booktitle = {{Next Generation of Information Technologies and Systems, NGITS'95}},
	Editor = {Ami Motro and Moshe Tennenholtz},
	Note = {{\tt ftp://ftp.fis.lv/pub/diskin/NGITS'95.ps}},
	Pages = {69-79},
	Series = {2nd Int.Workshop},
	Title = {Algebraic graph-based approach to management of multibase systems, {I}: {S}chema integration via sketches and equations},
	Year = 1995}

@techreport{myTR-ADBIS95TR,
	Address = {Riga,Latvia},
	Author = {Z. Diskin},
	Institution = {Frame Inform Systems/LDBD},
	Note = {Was accepted for the Moscow ACM Chapter 2nd Int.Workshop {\em "Advances in DataBases and Information Systems, ADBIS'95"} but not published because of unpaid registration fee (On ftp: .../adbis95.*)},
	Number = 9502,
	Title = {Algebraic graph-based approach to management of multibase systems, {II}: {M}athematical aspects of schema integration},
	Year = 1995}

@techreport{myTR-ADBIS96TR,
	Address = {Riga,Latvia},
	Author = {Z. Diskin},
	Institution = {Frame Inform Systems/LDBD},
	Note = {(On ftp: .../adbis96.*)},
	Number = 9602,
	Title = {Databases as algebras: formalizing schemas for multibase environment architecture},
	Year = 1995}

@techreport{myTR-TR9502,
	Author = {Z. Diskin},
	Institution = {Frame Inform Systems/LDBD},
	Note = {(On ftp: .../REPORTS/tr9502.*)},
	Number = 9502,
	Title = {Algebraic graph-based approach to management of multibase systems, {II}: {M}athematical aspects of schema integration},
	Year = 1995}

@techreport{me-KRUSE95TR,
	Address = {Riga, Latvia},
	Author = {Z. Diskin},
	Institution = {Frame Inform Systems/LDBD},
	Note = {Was accepted for Int.Symp.{\em "Knowledge Retrieval, Use and Storage for Efficiency, KRUSE'95"} but not published because of unpaid registration fee, (On ftp: .../PAPERS-DB/kruse95.ps.gz)},
	Number = 9501,
	Title = {Formalizing graphical schemas for conceptual modeling: {S}ketch-based logic vs. heuristic pictures},
	Year = 1995}

@article{me-LC95,
	Author = {Z. Diskin},
	Journal = {Bulletin of Symbolic Logic},
	Pages = {144-145},
	Title = {Towards algebraic graph-based model theory for computer science},
	Volume = 3,
	Year = 1997}

@techreport{myTR-Manifest,
	Address = {Riga,Latvia},
	Author = {B. Cadish and Z. Diskin},
	Institution = {Frame Inform Systems},
	Note = {(On ftp: .../MANIFEST/mnfst*.ps)},
	Number = 9406,
	Title = {Algebraic {G}raph-{O}riented = {C}ategory {T}heory {B}ased. {M}anifesto of categorizing database theory},
	Year = 1994}

@techreport{myTR-MNFST,
	Author = {B. Cadish and Z. Diskin},
	Institution = {Frame Inform Systems},
	Note = {(.../MANIFEST/mnfst4.ps)},
	Number = 9506,
	Title = {Algebraic {G}raph-{O}riented = {C}ategory {T}heory {B}ased. {M}anifesto of categorizing database theory},
	Year = 1995}

@techreport{ER95TR,
	Address = {Riga, Latvia},
	Author = {Z. Diskin},
	Institution = {Frame Inform Systems},
	Number = 9503,
	Title = {Variable sets and functions framework for conceptual modeling: {I}ntegrating {ER} and {OO} via sketches with dynamic markers},
	Year = 1995}

@inproceedings{me-ER95,
	Author = {Z. Diskin and B. Cadish},
	Booktitle = {{Object-Oriented and Entity-Relationship Modeling, OOER'95, 14th Int.Conference}},
	Pages = {226-237},
	Series = {Springer Lect.Notes in Comp.Sci.},
	Title = {Variable sets and functions framework for conceptual modeling: {I}ntegrating {ER} and {OO} via sketches with dynamic markers},
	Volume = {1021},
	Year = 1995}

@unpublished{me-DiBe95,
	Author = {Z. Diskin and I. Beylin},
	Note = {A talk given at Winter Meeting of Computer Science Department, Chalmers University, G\"{o}teborg, January, 1995},
	Title = {What is an operation over sketches?}}

@techreport{myTR-ER96TR,
	Address = {Riga, Latvia},
	Author = {Z. Diskin},
	Institution = {Frame Inform Systems},
	Note = {(On ftp: .../er96.*)},
	Number = 9601,
	Title = {A Unified Algebraic Graph-based Framework for Specifying Queries, Views and Refinements over Semantic Schemas},
	Year = 1996}

@inproceedings{me-ismis96,
	Author = {Boris Cadish and Zinovy Diskin},
	Bibsource = {DBLP, http://dblp.uni-trier.de},
	Booktitle = {ISMIS},
	Crossref = {DBLP:conf/ismis/1996},
	Ee = {http://dx.doi.org/10.1007/3-540-61286-6_184},
	Pages = {603-612},
	Title = {Heterogeneous View Integration via Sketches and Equations},
	Year = {1996}}

@proceedings{DBLP:conf/ismis/1996,
	Bibsource = {DBLP, http://dblp.uni-trier.de},
	Booktitle = {ISMIS},
	Editor = {Zbigniew W. Ras and Maciej Michalewicz},
	Isbn = {3-540-61286-6},
	Publisher = {Springer},
	Series = {Lecture Notes in Computer Science},
	Title = {Foundations of Intelligent Systems, 9th International Symposium, ISMIS '96, Zakopane, Poland, June 9-13, 1996, Proceedings},
	Volume = {1079},
	Year = {1996}}

@techreport{AMAST96TR,
	Author = {Z. Diskin},
	Institution = {Frame Inform Systems/LDBD},
	Note = {(On ftp: .../PAPERS-Math/amast96.*)},
	Number = 9503,
	Title = {Databases as Graphical algebras: {A}lgebraic graph-based approach to data modeling and database design},
	Year = 1995}

@inproceedings{Baltic96,
	Address = {Tallinn (Estonia)},
	Author = {I. Beylin and B. Cadish and Z. Diskin},
	Booktitle = {{Databases and Information Systems}},
	Note = {(On ftp: .../PAPERS-DB/baltic96/paper.ps)},
	Pages = {111-120},
	Series = {2nd Int.Baltic Workshop},
	Title = {Algebraic graph-based approach to schema integration},
	Year = 1996}

@inproceedings{Baltic96Poster,
	Address = {Tallinn (Estonia)},
	Author = {S. Ageshin and Z. Diskin and I. Beylin},
	Booktitle = {{Databases and Information Systems}},
	Note = {(On ftp: .../ PAPERS-DB/baltic96/poster.ps)},
	Oldtitle = {Algebraic graph-based approach to schema integration},
	Pages = {171-172},
	Series = {2nd Int.Baltic Workshop},
	Title = {Data modeling in categorical and computational perspectives},
	Year = 1996}

@techreport{DKE96TR,
	Address = {Riga, Latvia},
	Author = {Z. Diskin},
	Institution = {Frame Inform Systems},
	Note = {{\tt ftp://ftp.fis.lv/pub/diskin/FISReport 96-03.ps}},
	Number = 9603,
	Title = {Variable set semantics for generalized sketches: Why {ER} is more object-oriented than {OO}},
	Year = 1996}

@techreport{myTR-sketches-1996,
	Address = {Riga, Latvia},
	Author = {Z. Diskin},
	Howpublished = {\url{http://www.cs.toronto.edu/~zdiskin/Pubs/TR-9602.pdf}},
	Institution = {Frame Inform Systems},
	Number = 9602,
	Title = {Databases as diagram algebras: {S}pecifying queries and views via the graph-based logic of skethes},
	Year = 1996}

@unpublished{ArrFest97,
	Author = {Z. Diskin and B. Kadish},
	Note = {To be presented at the 15th Int.Congress for Cybernetics, On ftp: .../Manifest/arrfest.ps)},
	Title = {The arrow manifesto: Towards software engineering based on comprehensible yet rigorous graphical specifications}}

@techreport{ADBIS97TR,
	Address = {Riga, Latvia},
	Author = {Z. Diskin},
	Institution = {Frame Inform Systems},
	Note = {(On ftp: .../REPORTS/tr9702.ps)},
	Number = 9702,
	Title = {The arrow logic of metadata environment: a formalized graph-based framework for structuring metadata repositories},
	Year = 1997}

@techreport{CoopIS97TR,
	Address = {Riga, Latvia},
	Author = {Z. Diskin},
	Institution = {Frame Inform Systems},
	Note = {(On ftp: .../REPORTS/tr9701.ps)},
	Number = 9701,
	Title = {Formalizing schemas for federal database environment architecture},
	Year = 1997}

@techreport{AMAST97TR,
	Author = {Z. Diskin},
	Institution = {Frame Inform Systems/LDBD},
	Note = {{\tt ftp://ftp.fis.lv/pub/diskin/?????.ps}},
	Number = 9703,
	Title = {Generalized sketches as an algebraic graph-based framework for semantic modeling and database design},
	Year = 1997}

@techreport{AMAST97UR,
	Author = {Z. Diskin},
	Institution = {University of Latvia},
	Note = {{\tt ftp://ftp.fis.lv/pub/diskin/ULReport M97.ps}},
	Number = 9701,
	Title = {Generalized sketches as an algebraic graph-based framework for semantic modeling and database design},
	Year = 1997}

@techreport{ER97TR,
	Address = {Riga, Latvia},
	Author = {Z. Diskin},
	Institution = {Frame Inform Systems},
	Note = {(ftp://cs.chalmers.se/pub/users/diskin/REPORTS/tr9704.ps)},
	Number = 9704,
	Title = {The graph-based logic of {ER}-diagrams and taming heterogeneity of semantic data models},
	Year = 1997}

@unpublished{cats97,
	Author = {Z. Diskin},
	Note = {Discussion in "Categories" e-mail list, Summer 1997 (ftp://cs.chalmers.se/pub/users/diskin/MANIFEST/discuss2.*)},
	Title = {Applications for category theory}}

@inproceedings{Namur98,
	Author = {Z. Diskin and B. Kadish and F. Piessens},
	Booktitle = {{15th Int. Congress for Cybernetics. Namur (Belgium)}},
	Note = {(ftp://cs.chalmers.se/pub/users/diskin/Manifest/namur98.doc,namur98.ps)},
	Title = {The {A}rrow {M}anifesto: {T}owards software engineering based on comprehensible yet rigorous graphical specifications},
	Year = 1998}

@inproceedings{ECOOP98,
	Author = {Z. Diskin},
	Booktitle = {{2nd ECOOP Workshop on Precise Behavioral Semantics (with an Emphasis on OO Business Specifications)}},
	Editor = {Haim Kilov and Bernhard Rumpe},
	Note = {ftp://cs.chalmers.se/pub/users/diskin/PAPERS-DB/ecoop98/ecoop98.ps},
	Series = {Technical Report TUM-I9813, Munich University},
	Title = {The arrow logic of visual modeling and taming heterogeneity of semantic models},
	Year = 1998}

@inproceedings{OOPSLA98,
	Author = {Z. Diskin},
	Booktitle = {{7th {OOPSLA} Workshop on Behavioral Semantics of OO Business and System Specifications, {OOPSLA98}}},
	Title = {The arrow logic of meta-specifications: a formalized graph-based framework for structuring schema repositories},
	Year = 1998}

@unpublished{AMM1,
	Author = {Z. Diskin},
	Note = {In preparation},
	Title = {Abstract metamodeling, {I}: How to reason about meta and meta-metamodleing in a formal way}}

@unpublished{AMM2,
	Author = {Z. Diskin},
	Note = {In preparation},
	Title = {Abstract metamodeling, {II}: What is derived information}}

@techreport{PODS99TR,
	Address = {Riga, Latvia},
	Author = {Z. Diskin},
	Institution = {Frame Inform Systems},
	Note = {{\tt ftp://ftp.fis.lv/pub/diskin/FIS Report 98-02.ps}},
	Number = 9802,
	Title = {Representation of objects by values: Towards semantic foundations of object-oriented relational database systems},
	Year = 1998}

@incollection{mySke-Kluwer-99,
	Author = {Z. Diskin and B. Kadish and F. Piessens},
	Booktitle = {{Behavioral Specifications of Businesses and Systems}},
	Editor = {H. Kilov and B. Rumpe and I. Simmonds},
	Isbn = {0-7923-8629-9},
	Publisher = {Kluwer},
	Title = {What vs. how of visual modeling: The arrow logic of graphic notations},
	Year = {1999}}

@incollection{KluwerBook99,
	Author = {Z. Diskin and B. Kadish and F. Piessens},
	Booktitle = {{Behavioral Specifications of Businesses and Systems}},
	Editor = {H. Kilov and B. Rumpe and I. Simmonds},
	Isbn = {0-7923-8629-9},
	Pages = {27-44},
	Publisher = {Kluwer Academic Publishers},
	Title = {What vs. how of visual modeling: The arrow logic of graphic notations},
	Year = {1999}}

@inproceedings{OOPSLA99,
	Author = {Z. Diskin},
	Booktitle = {{8th {OOPSLA} {W}orkshop on {B}ehavioral {S}pecifications, {OOPSLA99}}},
	Editor = {K. Baclawski and H. Kilov and A. Thalassinidis and K. Tyson},
	Publisher = {Northeastern University, College of Computer Science},
	Title = {Abstract Metamodeling, {I}: How to reason about meta- and metamodeling in a formal way},
	Year = {1999}}

@article{mySke-CASYS99,
	Author = {Z. Diskin and B. Kadish and F. Piessens},
	Editor = {Daniel Dubois},
	Journal = {Int. J. of Computing Anticipatory Systems},
	Note = {CHAOS,LIEGE, ISSN 1373-5411, ISBN 2-9600179-4-3 (http://www.ulg.ac.be/mathgen/CHAOS/news.html)},
	Pages = {31-51},
	Title = {Humans, Computers, Specifications: The Arrow Logic of Information System Engineering},
	Volume = 4,
	Year = 1999}

@article{DKE,
	Author = {Z. Diskin and B. Kadish},
	Journal = {Data \& Knowledge Engineering},
	Pages = {1-59},
	Title = {Variable set semantics for keyed generalized sketches: Formal semantics for object identity and abstract syntax for conceptual modeling},
	Volume = 47,
	Year = 2003}

@book{Kilov99,
	Author = {H. Kilov},
	Isbn = {0-13-079844-4},
	Publisher = {Prentice Hall PTR},
	Title = {Business Specifications: The Key to Successful Software Engineering},
	Year = 1999}

@inproceedings{me-diagrams00,
	Author = {Zinovy Diskin and Boris Kadish and Frank Piessens and Michael Johnson},
	Bibsource = {DBLP, http://dblp.uni-trier.de},
	Booktitle = {Diagrams},
	Crossref = {DBLP:conf/diagrams/2000},
	Ee = {http://link.springer.de/link/service/series/0558/bibs/1889/18890345.htm},
	Pages = {345-360},
	Title = {Universal Arrow Foundations for Visual Modeling},
	Year = {2000}}

@proceedings{DBLP:conf/diagrams/2000,
	Bibsource = {DBLP, http://dblp.uni-trier.de},
	Booktitle = {Diagrams},
	Editor = {Michael Anderson and Peter Cheng and Volker Haarslev},
	Isbn = {3-540-67915-4},
	Publisher = {Springer},
	Series = {Lecture Notes in Computer Science},
	Title = {Theory and Application of Diagrams, First International Conference, Diagrams 2000, Edinburgh, Scotland, UK, September 1-3, 2000, Proceedings},
	Volume = {1889},
	Year = {2000}}

@inproceedings{TOOLS00,
	Author = {Z. Diskin},
	Booktitle = {{TOOLS'37: 37th Int. Conference on Technology of Object-Oriented Languages and Systems. Sydney, Australia}},
	Pages = {182-187},
	Publisher = {IEEE Computer Society Press},
	Title = {On mathematical foundations for business modeling},
	Year = 2000}

@unpublished{cats01,
	Author = {M. Healy and others},
	Note = {Discussion in "Categories" e-mail list ({\tt categories@mta.ca}) run mainly under the title "Re: Mike Healy's question on mathematcis and AI", Winter 2001},
	Title = {On mathematics relevant to {AI}, {SE}, knowledge representation and other newly created domains}}

@unpublished{myUMLpaper,
	Author = {Z. Diskin},
	Note = {{Manuscript}},
	Title = {{Dynamic formal semantics and abstract syntax for the static part of the UML}},
	Year = 2001}

@unpublished{UML01b,
	Author = {Z. Diskin},
	Note = {{\tt ftp://ftp.fis.lv/pub/diskin/uml01b.ps}},
	Title = {The Arrow Diagram Logic and the {UML}, {II}},
	Year = 2001}

@unpublished{mmt-rel-tiles,
	Author = {Z. Diskin and M. Antkiewicz and K. Czarnecki},
	Note = {In preparation},
	Publisher = {University of Waterloo},
	Title = {Metamodel-independent definitions of model matches and updates: Relational tile systems}}

@unpublished{SkEdtr,
	Author = {Z. Diskin and V. Dzitenov},
	Note = {{\tt ftp://ftp.fis.lv/pub/diskin/uniBuilder.ps}},
	Title = {Universal Specification Builder: A brief description},
	Year = 1998}

@inproceedings{me-diagrams02,
	Author = {Zinovy Diskin},
	Bibsource = {DBLP, http://dblp.uni-trier.de},
	Booktitle = {Diagrams},
	Crossref = {DBLP:conf/diagrams/2002},
	Ee = {http://dx.doi.org/10.1007/3-540-46037-3_15},
	Pages = {112-115},
	Title = {Visualization vs. Specification in Diagrammatic Notations: A Case Study with the UML},
	Year = {2002}}

@proceedings{DBLP:conf/diagrams/2002,
	Bibsource = {DBLP, http://dblp.uni-trier.de},
	Booktitle = {Diagrams},
	Editor = {Mary Hegarty and Bernd Meyer and N. Hari Narayanan},
	Isbn = {3-540-43561-1},
	Publisher = {Springer},
	Series = {Lecture Notes in Computer Science},
	Title = {Diagrammatic Representation and Inference, Second International Conference, Diagrams 2002, Callaway Gardens, GA, USA, April 18-20, 2002, Proceedings},
	Volume = {2317},
	Year = {2002}}

@inproceedings{me-woodpecker01,
	Author = {Zinovy Diskin},
	Bibsource = {DBLP, http://dblp.uni-trier.de},
	Booktitle = {WOODPECKER},
	Crossref = {DBLP:conf/woodpecker/2001},
	Pages = {38-54},
	Title = {On Modeling, Mathematics, Category Theory and RM-ODP},
	Year = {2001}}

@proceedings{DBLP:conf/woodpecker/2001,
	Bibsource = {DBLP, http://dblp.uni-trier.de},
	Booktitle = {WOODPECKER},
	Editor = {Jos{\'e} A. Moinhos Cordeiro and Haim Kilov},
	Isbn = {972-98050-5-9},
	Publisher = {ICEIS Press},
	Title = {Open Distribute Processing: Enterprise, Computation, Knowledge, Engineering and Realisation, Proceedings of the 1st International Workshop on Open Distribute Processing: Enterprise, Computation, Knowledge, Engineering and Realisation, WOODPECKER 2001, In conjunction with ICEIS 2001, Set{\'u}bal, Portugal, July 6, 2001},
	Year = {2001}}

@techreport{TRispartof02,
	Address = {Riga, Latvia},
	Author = {Z. Diskin},
	Institution = {Frame Inform Systems/LDBD},
	Number = 0201,
	Title = {Formal semantics for %isPartOf-relationships \ispartof\ and \isa, composition and aggregation, genearlizationa and specializationin \relship s between object classess},
	Year = 2002}

@inproceedings{OOPSLA02,
	Author = {Z. Diskin},
	Booktitle = {{11th {OOPSLA} {W}orkshop on {B}ehavioral {S}pecifications, {OOPSLA'2002}}},
	Editor = {K. Baclawski and H. Kilov},
	Publisher = {Northeastern University, College of Computer Science},
	Title = {Mathematics of the {UML}},
	Year = {2002}}

@inproceedings{me-adbis97,
	Author = {Zinovy Diskin and Boris Cadish},
	Bibsource = {DBLP, http://dblp.uni-trier.de},
	Booktitle = {{Proceedings of the First East-European Symposium on Advances in Databases and Information Systems (ADBIS'97), St.-Petersburg, September 2-5, 1997. Volume 1: Regular Papers}},
	Crossref = {DBLP:conf/adbis/97},
	Pages = {123-132},
	Publisher = {Nevsky Dialect},
	Title = {A Graphical Yet Formalized Framework for Specifying View Systems},
	Year = {1997}}

@incollection{KluwerBook03,
	Author = {Z. Diskin},
	Booktitle = {{Practical foundations of business system specifications}},
	Editor = {Ken Baclawski and Haim Kilov},
	Isbn = {1-4020-1480-5},
	Pages = {145-178},
	Publisher = {Kluwer Academic Publishers},
	Title = {Mathematics of {UML}: {M}aking the {O}dysseys of {UML} less dramatic},
	Year = {2003}}

@article{antoniol2002recovering,
	Author = {Antoniol, G. and Canfora, G. and Casazza, G. and De Lucia, A. and Merlo, E.},
	Journal = {IEEE Transactions on Software Engineering},
	Number = {10},
	Pages = {970--983},
	Title = {{Recovering traceability links between code and documentation}},
	Volume = {28},
	Year = {2002}}

@phdthesis{egyed2000heterogeneous,
	Author = {Egyed, A.F.},
	School = {University of Southern California},
	Title = {{Heterogeneous view integration and its automation}},
	Year = {2000}}

@article{Ehrig97acombined,
	Author = {Hartmut Ehrig and Reiko Heckel and Gabi Taentzer and Gregor Engels},
	Journal = {Int. Journal of Software and Knowledge Engeneering},
	Pages = {457--477},
	Title = {A Combined Reference Model- and View-Based Approach to System Specification},
	Volume = {7},
	Year = {1997}}

@inproceedings{visser06,
	Author = {A. Cunha and J. Visser},
	Booktitle = {{Workshop on Rule Based Programming, RULE 2006}},
	Issue = {1},
	Series = {ENTCS},
	Title = {Strongly Typed Rewriting For Coupled Software Transformation},
	Volume = {174},
	Year = 2007}

@inproceedings{tefkat06,
	Author = {D. Hearnden and M. Lawley and K. Raymond},
	Bibsource = {DBLP, http://dblp.uni-trier.de},
	Booktitle = {MoDELS},
	Crossref = {DBLP:conf/models/2006},
	Ee = {http://dx.doi.org/10.1007/11880240_23},
	Title = {Incremental Model Transformation for the Evolution of Model-Driven Systems},
	Year = {2006}}

@inproceedings{wachsmuth07,
	Author = {Guido Wachsmuth},
	Bibsource = {DBLP, http://dblp.uni-trier.de},
	Booktitle = {ECOOP},
	Crossref = {DBLP:conf/ecoop/2007},
	Ee = {http://dx.doi.org/10.1007/978-3-540-73589-2_28},
	Pages = {600-624},
	Title = {Metamodel Adaptation and Model Co-adaptation},
	Year = {2007}}

@proceedings{DBLP:conf/ecoop/2007,
	Bibsource = {DBLP, http://dblp.uni-trier.de},
	Booktitle = {ECOOP},
	Editor = {Erik Ernst},
	Isbn = {978-3-540-73588-5},
	Publisher = {Springer},
	Series = {Lecture Notes in Computer Science},
	Title = {ECOOP 2007 - Object-Oriented Programming, 21st European Conference, Berlin, Germany, July 30 - August 3, 2007, Proceedings},
	Volume = {4609},
	Year = {2007}}

@inproceedings{sriplakich06,
	Author = {P. Sriplakich and X. Blanc and M. Gervais},
	Bibsource = {DBLP, http://dblp.uni-trier.de},
	Booktitle = {SAC},
	Crossref = {DBLP:conf/sac/2006},
	Ee = {http://doi.acm.org/10.1145/1141277.1141692},
	Title = {Supporting transparent model update in distributed CASE tool integration},
	Year = {2006}}

@proceedings{DBLP:conf/sac/2006,
	Bibsource = {DBLP, http://dblp.uni-trier.de},
	Booktitle = {SAC},
	Editor = {Hisham Haddad},
	Isbn = {1-59593-108-2},
	Title = {Proceedings of the 2006 ACM Symposium on Applied Computing (SAC), Dijon, France, April 23-27, 2006},
	Year = {2006}}

@techreport{dac10-TR,
	Author = {Z. Diskin and M. Antkiewicz and K. Czarnecki},
	Institution = {{University of Waterloo}},
	Note = {www.???},
	Number = {2010-03},
	Title = {{From lenses to tiles: Model synchronization via double categories}},
	Year = 2010}

@article{viewUpd-Langerak-/tods/Langerak90,
	Author = {R. Langerak},
	Bibsource = {DBLP, http://dblp.uni-trier.de},
	Ee = {http://doi.acm.org/10.1145/77643.77645, db/journals/tods/Langerak90.html},
	Journal = {{ACM TODS}},
	Number = {1},
	Pages = {40-66},
	Title = {View Updates in Relational Databases with an Independent Scheme},
	Volume = {15},
	Year = {1990}}

@article{viewUpdate-keller-commnts-onBS-87,
	Author = {A. Keller},
	Bibsource = {DBLP, http://dblp.uni-trier.de},
	Ee = {http://doi.acm.org/10.1145/27629.214296, db/journals/tods/Keller87.html},
	Journal = {ACM TODS},
	Number = {3},
	Pages = {521-523},
	Title = {{Comments on Bancilhon and Spyratos' ``Update Semantics and Relational Views''}},
	Volume = {12},
	Year = {1987}}

@article{lineage-halevi-widom/vldb09,
	Author = {Anish Das Sarma and Omar Benjelloun and Alon Y. Halevy and Shubha U. Nabar and Jennifer Widom},
	Bibsource = {DBLP, http://dblp.uni-trier.de},
	Ee = {http://dx.doi.org/10.1007/s00778-009-0147-0},
	Journal = {VLDB J.},
	Number = {5},
	Pages = {989-1019},
	Title = {Representing uncertain data: models, properties, and algorithms},
	Volume = {18},
	Year = {2009}}

@article{biokleilsi-jodl/DavidsonOTW97,
	Author = {Susan B. Davidson and G. Christian Overton and Val Tannen and Limsoon Wong},
	Bibsource = {DBLP, http://dblp.uni-trier.de},
	Journal = {Int. J. on Digital Libraries},
	Number = {1},
	Pages = {36-53},
	Title = {BioKleisli: A Digital Library for Biomedical Researchers},
	Volume = {1},
	Year = {1997}}

@inproceedings{mmt-viewUpdate-pods/Lechtenborger03,
	Author = {Jens Lechtenb{\"o}rger},
	Bibsource = {DBLP, http://dblp.uni-trier.de},
	Booktitle = {PODS},
	Crossref = {DBLP:conf/pods/2003},
	Ee = {http://doi.acm.org/10.1145/773153.773159},
	Pages = {49-55},
	Title = {The impact of the constant complement approach towards view updating},
	Year = {2003}}

@proceedings{DBLP:conf/pods/2003,
	Bibsource = {DBLP, http://dblp.uni-trier.de},
	Isbn = {1-58113-670-6},
	Publisher = {ACM},
	Title = {Proceedings of the Twenty-Second ACM SIGACT-SIGMOD-SIGART Symposium on Principles of Database Systems, June 9-12, 2003, San Diego, CA, USA},
	Year = {2003}}

@inproceedings{mmt-viewUpdate-pods/Keller85,
	Author = {A. Keller},
	Bibsource = {DBLP, http://dblp.uni-trier.de},
	Booktitle = {PODS},
	Ee = {http://doi.acm.org/10.1145/325405.325423, db/conf/pods/Keller85.html},
	Pages = {154-163},
	Title = {Algorithms for Translating View Updates to Database Updates for Views Involving Selections, Projections, and Joins},
	Year = {1985}}

@proceedings{DBLP:conf/pods/85,
	Bibsource = {DBLP, http://dblp.uni-trier.de},
	Isbn = {0-89791-153-9},
	Publisher = {ACM},
	Title = {Proceedings of the Fourth ACM SIGACT-SIGMOD Symposium on Principles of Database Systems, March 25-27, 1985, Portland, Oregon},
	Year = {1985}}

@inproceedings{Johnson08amast,
	Author = {M. Johnson and R. Rosebrugh},
	Bibsource = {DBLP, http://dblp.uni-trier.de},
	Booktitle = {AMAST},
	Crossref = {DBLP:conf/amast/2008},
	Doi = {10.1007/978-3-540-79980-1_19},
	Pages = {238-252},
	Title = {Constant Complements, Reversibility and Universal View Updates},
	Year = {2008},
	Bdsk-Url-1 = {http://dx.doi.org/10.1007/978-3-540-79980-1_19}}

@proceedings{DBLP:conf/amast/2008,
	Bibsource = {DBLP, http://dblp.uni-trier.de},
	Booktitle = {AMAST},
	Editor = {Jos{\'e} Meseguer and Grigore Rosu},
	Isbn = {978-3-540-79979-5},
	Publisher = {Springer},
	Series = {Lecture Notes in Computer Science},
	Title = {Algebraic Methodology and Software Technology, 12th International Conference, AMAST 2008, Urbana, IL, USA, July 28-31, 2008, Proceedings},
	Volume = {5140},
	Year = {2008}}

@article{Johnson07,
	Author = {Michael Johnson and Robert D. Rosebrugh},
	Bibsource = {DBLP, http://dblp.uni-trier.de},
	Ee = {http://dx.doi.org/10.1016/j.tcs.2007.06.004},
	Journal = {Theor. Comput. Sci.},
	Number = {1-3},
	Pages = {109-129},
	Title = {Fibrations and universal view updatability},
	Volume = {388},
	Year = {2007}}

@proceedings{DBLP:conf/kbse/2005,
	Bibsource = {DBLP, http://dblp.uni-trier.de},
	Booktitle = {ASE},
	Editor = {D. Redmiles and T. Ellman and A. Zisman},
	Publisher = {ACM},
	Title = {20th IEEE/ACM International Conference on Automated Software Engineering (ASE 2005)},
	Year = {2005}}

@inproceedings{me-models08-scenarios,
	Author = {H. Liang and Z. Diskin and J. Dingel and E. Posse},
	Bibsource = {DBLP, http://dblp.uni-trier.de},
	Booktitle = {MoDELS},
	Crossref = {DBLP:conf/models/2008},
	Ee = {http://dx.doi.org/10.1007/978-3-540-87875-9_15},
	Pages = {204-218},
	Title = {A General Approach for Scenario Integration},
	Year = {2008}}

@inproceedings{me-eclipse/SalayCEDMNSV07,
	Author = {Rick Salay and Marsha Chechik and Steve M. Easterbrook and Zinovy Diskin and Pete McCormick and Shiva Nejati and Mehrdad Sabetzadeh and Petcharat Viriyakattiyaporn},
	Bibsource = {DBLP, http://dblp.uni-trier.de},
	Booktitle = {ETX},
	Crossref = {DBLP:conf/eclipse/2007},
	Ee = {http://doi.acm.org/10.1145/1328279.1328291},
	Pages = {55-59},
	Title = {An Eclipse-based tool framework for software model management},
	Year = {2007}}

@article{me-entcs08,
	Author = {Zinovy Diskin and Uwe Wolter},
	Bibsource = {DBLP, http://dblp.uni-trier.de},
	Ee = {http://dx.doi.org/10.1016/j.entcs.2008.10.041},
	Journal = {Electr. Notes Theor. Comput. Sci.},
	Number = {6},
	Pages = {19-41},
	Title = {A Diagrammatic Logic for Object-Oriented Visual Modeling},
	Volume = {203},
	Year = {2008}}

@manuscript{me-lenses-and-tiles-09,
	Author = {Z. Diskin},
	Institution = {{University of Waterloo}},
	Title = {{From lenses to tiles: Model synchonization via two-sorted categories}},
	Year = 2010}

@inproceedings{me-models08,
	Author = {Zinovy Diskin},
	Bibsource = {DBLP, http://dblp.uni-trier.de},
	Booktitle = {MoDELS},
	Crossref = {DBLP:conf/models/2008},
	Ee = {http://dx.doi.org/10.1007/978-3-540-87875-9_2},
	Pages = {21-36},
	Title = {Algebraic Models for Bidirectional Model Synchronization},
	Year = {2008}}

@proceedings{DBLP:conf/models/2008,
	Bibsource = {DBLP, http://dblp.uni-trier.de},
	Booktitle = {MoDELS},
	Editor = {Krzysztof Czarnecki and Ileana Ober and Jean-Michel Bruel and Axel Uhl and Markus V{\"o}lter},
	Ee = {http://dx.doi.org/10.1007/978-3-540-87875-9},
	Isbn = {978-3-540-87874-2},
	Publisher = {Springer},
	Series = {Lecture Notes in Computer Science},
	Title = {Model Driven Engineering Languages and Systems, 11th International Conference, MoDELS 2008, Toulouse, France, September 28 - October 3, 2008. Proceedings},
	Volume = {5301},
	Year = {2008}}

@article{me-packageMerge08,
	Author = {J{\"u}rgen Dingel and Zinovy Diskin and Alanna Zito},
	Bibsource = {DBLP, http://dblp.uni-trier.de},
	Ee = {http://dx.doi.org/10.1007/s10270-007-0073-9},
	Journal = {Software and System Modeling},
	Number = {4},
	Pages = {443-467},
	Title = {Understanding and improving UML package merge},
	Volume = {7},
	Year = {2008}}

@inproceedings{me-tools08,
	Author = {Zinovy Diskin and Steve M. Easterbrook and J{\"u}rgen Dingel},
	Bibsource = {DBLP, http://dblp.uni-trier.de},
	Booktitle = {TOOLS (46)},
	Crossref = {DBLP:conf/tools/46-2008},
	Ee = {http://dx.doi.org/10.1007/978-3-540-69824-1_19},
	Pages = {336-355},
	Title = {Engineering Associations: From Models to Code and Back through Semantics},
	Year = {2008}}

@proceedings{DBLP:conf/tools/46-2008,
	Bibsource = {DBLP, http://dblp.uni-trier.de},
	Booktitle = {TOOLS (46)},
	Editor = {Richard F. Paige and Bertrand Meyer},
	Isbn = {978-3-540-69823-4},
	Publisher = {Springer},
	Series = {Lecture Notes in Business Information Processing},
	Title = {Objects, Components, Models and Patterns, 46th International Conference, TOOLS EUROPE 2008, Zurich, Switzerland, June 30 - July 4, 2008. Proceedings},
	Volume = {11},
	Year = {2008}}

@techreport{myTR:Q+PB,
	Author = {Z. Diskin},
	Institution = {{the University of Toronto}},
	Number = {{CSRG-573}},
	Title = {Model transformation as view computation: an algebraic approach},
	Year = 2008}

@inproceedings{Alanen03,
	Author = {Marcus Alanen and Ivan Porres},
	Bibsource = {DBLP, http://dblp.uni-trier.de},
	Booktitle = {UML},
	Crossref = {DBLP:conf/uml/2003},
	Ee = {http://dx.doi.org/10.1007/978-3-540-45221-8_2},
	Pages = {2-17},
	Title = {Difference and Union of Models},
	Year = {2003}}

@proceedings{DBLP:conf/uml/2003,
	Bibsource = {DBLP, http://dblp.uni-trier.de},
	Booktitle = {UML},
	Editor = {P. Stevens and J. Whittle and G. Booch},
	Isbn = {3-540-20243-9},
	Publisher = {Springer},
	Series = {Lecture Notes in Computer Science},
	Title = {UML 2003 - The Unified Modeling Language, Modeling Languages and Applications, 6th International Conference, San Francisco, CA, USA, October 20-24, 2003, Proceedings},
	Volume = {2863},
	Year = {2003}}

@article{funct-sem-uwe98,
	Author = {H. Ehrig and M. Gro{\ss}e-{R}hode and U. Wolter},
	Journal = {Applied categorical structures},
	Pages = {1-35},
	Title = {Application of category theory to the area of algebaric specifications in computer science},
	Volume = 6,
	Year = 1998}

@article{dpp-spans04,
	Author = {R. Dawson and R. Par\'e and D. Pronk},
	Journal = {Theory and application of categories},
	Pages = {61-85},
	Title = {Universal properties of span},
	Volume = {13},
	Year = 2004}

@inproceedings{oliveira07,
	Author = {J. N. Oliveira},
	Bibsource = {DBLP, http://dblp.uni-trier.de},
	Booktitle = {GTTSE},
	Crossref = {DBLP:conf/gttse/2007},
	Ee = {http://dx.doi.org/10.1007/978-3-540-88643-3_4},
	Pages = {134-195},
	Title = {Transforming Data by Calculation},
	Year = {2007}}

@proceedings{DBLP:conf/gttse/2007,
	Bibsource = {DBLP, http://dblp.uni-trier.de},
	Booktitle = {GTTSE},
	Editor = {R. L{\"a}mmel and J. Visser and J. Saraiva},
	Isbn = {978-3-540-88642-6},
	Publisher = {Springer},
	Series = {Lecture Notes in Computer Science},
	Title = {Generative and Transformational Techniques in Software Engineering II, Int. Summer School, GTTSE 2007. Revised Papers},
	Volume = {5235},
	Year = {2008}}

@inproceedings{me-mdi10-springer,
	Author = {Zinovy Diskin and Yingfei Xiong and Krzysztof Czarnecki},
	Bibsource = {DBLP, http://dblp.uni-trier.de},
	Booktitle = {MoDELS Workshops},
	Crossref = {DBLP:conf/models/2010w},
	Ee = {http://dx.doi.org/10.1007/978-3-642-21210-9_16},
	Pages = {165-179},
	Title = {Specifying Overlaps of Heterogeneous Models for Global Consistency Checking},
	Year = {2010}}

@proceedings{DBLP:conf/models/2010w,
	Bibsource = {DBLP, http://dblp.uni-trier.de},
	Booktitle = {MoDELS Workshops},
	Ee = {http://dx.doi.org/10.1007/978-3-642-21210-9},
	Isbn = {978-3-642-21209-3},
	Publisher = {Springer},
	Series = {Lecture Notes in Computer Science},
	Title = {Models in Software Engineering - Workshops and Symposia at MODELS 2010, Oslo, Norway, October 2-8, 2010, Reports and Revised Selected Papers},
	Volume = {6627},
	Year = {2011}}

@inproceedings{me-mdi10,
	Author = {Z. Diskin and Y. Xiong and K. Czarnecki},
	Booktitle = {{First International Workshop on Model-Driven Interoperability, MDI'2010}},
	Note = {{ACM ISBN: 978-1-4503-0292-0}},
	Pages = {42-51},
	Publsiher = {{ACM Press}},
	Title = {Specifying overlaps of heterogeneous models for global consistency checking},
	Year = {2010}}

@inproceedings{hofmann11,
	Author = {M. Hofmann and B. Pierce and D. Wagner},
	Bibsource = {DBLP, http://dblp.uni-trier.de},
	Booktitle = {POPL},
	Ee = {http://doi.acm.org/10.1145/1328438.1328487},
	Title = {Symmetric Lenses},
	Year = {2011}}

@book{joyOfCats,
	Author = {J. Adamek and H. Herrlich and G. Strecker},
	Publisher = {TAC Reprints, No.17},
	Title = {{Abstarct and concrete categories. The joy of cats}},
	Year = 2007}

@article{Bruni-spans01,
	Author = {Roberto Bruni and Fabio Gadducci},
	Bibsource = {DBLP, http://dblp.uni-trier.de},
	Ee = {http://www1.elsevier.com/gej-ng/31/29/23/73/55/show/Products/notes/index.htt\#009},
	Journal = {Electr. Notes Theor. Comput. Sci.},
	Number = {3},
	Title = {Some algebraic laws for spans},
	Volume = {44},
	Year = {2001}}

@article{Goguen92-order-sorted-alg,
	Author = {Joseph A. Goguen and Jos{\'e} Meseguer},
	Bibsource = {DBLP, http://dblp.uni-trier.de},
	Journal = {Theor. Comput. Sci.},
	Number = {2},
	Pages = {217-273},
	Title = {Order-Sorted Algebra I: Equational Deduction for Multiple Inheritance, Overloading, Exceptions and Partial Operations},
	Volume = {105},
	Year = {1992}}

@inproceedings{sync-Balzer91,
	Author = {Robert Balzer},
	Bibsource = {DBLP, http://dblp.uni-trier.de},
	Booktitle = {ICSE},
	Ee = {http://portal.acm.org/citation.cfm?id=256664.256748},
	Pages = {158-165},
	Title = {Tolerating Inconsistency},
	Year = {1991}}

@inproceedings{lammel04,
	Author = {R. L{\"a}mmel},
	Booktitle = {{Workshop on Software Evolution and TRanformation}},
	Title = {Coupled software transformation},
	Year = 2004}

@inproceedings{sync-joost07,
	Author = {Pablo Berdaguer and Alcino Cunha and Hugo Pacheco and Joost Visser},
	Bibsource = {DBLP, http://dblp.uni-trier.de},
	Booktitle = {PADL},
	Crossref = {DBLP:conf/padl/2007},
	Ee = {http://dx.doi.org/10.1007/978-3-540-69611-7_19},
	Pages = {290-304},
	Title = {Coupled Schema Transformation and Data Conversion for XML and SQL},
	Year = {2007}}

@proceedings{DBLP:conf/padl/2007,
	Bibsource = {DBLP, http://dblp.uni-trier.de},
	Booktitle = {PADL},
	Editor = {Michael Hanus},
	Isbn = {978-3-540-69608-7},
	Publisher = {Springer},
	Series = {Lecture Notes in Computer Science},
	Title = {Practical Aspects of Declarative Languages, 9th International Symposium, PADL 2007, Nice, France, January 14-15, 2007},
	Volume = {4354},
	Year = {2007}}

@incollection{nulls-Dyreson96,
	Author = {Curtis E. Dyreson},
	Bibsource = {DBLP, http://dblp.uni-trier.de},
	Booktitle = {Uncertainty Management in Information Systems},
	Pages = {415-458},
	Title = {A Bibliography on Uncertainty Management in Information Systems},
	Year = {1996}}

@article{nulls-Zaniolo84,
	Author = {Carlo Zaniolo},
	Bibsource = {DBLP, http://dblp.uni-trier.de},
	Journal = {J. Comput. Syst. Sci.},
	Number = {1},
	Pages = {142-166},
	Title = {Database Relations with Null Values},
	Volume = {28},
	Year = {1984}}

@inproceedings{dbdlab-oopsla99,
	Author = {Z. Diskin},
	Booktitle = {{8th {OOPSLA} {W}orkshop on {B}ehavioral {S}pecifications, {OOPSLA99}}},
	Editor = {K. Baclawski and H. Kilov and A. Thalassinidis and K. Tyson},
	Publisher = {Northeastern University, College of Computer Science},
	Title = {Abstract Metamodeling, {I}: How to reason about meta- and metamodeling in a formal way},
	Year = {1999}}

@inproceedings{dbdlab-adbis97,
	Author = {Zinovy Diskin and Boris Cadish},
	Bibsource = {DBLP, http://dblp.uni-trier.de},
	Booktitle = {ADBIS},
	Crossref = {DBLP:conf/adbis/97},
	Ee = {db/conf/adbis/DiskinC97.html},
	Pages = {123-132},
	Title = {A Graphical Yet Formalized Framework for Specifying View Systems},
	Year = {1997}}

@proceedings{DBLP:conf/adbis/97,
	Bibsource = {DBLP, http://dblp.uni-trier.de},
	Booktitle = {ADBIS},
	Publisher = {Nevsky Dialect},
	Title = {Proceedings of the First East-European Symposium on Advances in Databases and Information Systems (ADBIS'97), St.-Petersburg, September 2-5, 1997. Volume 1: Regular Papers},
	Year = {1997}}

@inproceedings{Kalko78,
	Author = {Leonid A. Kalinichenko},
	Bibsource = {DBLP, http://dblp.uni-trier.de},
	Booktitle = {VLDB},
	Crossref = {DBLP:conf/vldb/78},
	Ee = {db/conf/vldb/Kalinichenko78.html},
	Pages = {549-555},
	Title = {Data Models Transformation Method Based on Axiomatic Data Model Extension},
	Year = {1978}}

@proceedings{DBLP:conf/vldb/78,
	Bibsource = {DBLP, http://dblp.uni-trier.de},
	Editor = {S. Bing Yao},
	Publisher = {IEEE Computer Society},
	Title = {Fourth International Conference on Very Large Data Bases, September 13-15, 1978, West Berlin, Germany},
	Year = {1978}}

@inproceedings{PP77,
	Author = {Paolo Paolini and Giuseppe Pelagatti},
	Bibsource = {DBLP, http://dblp.uni-trier.de},
	Booktitle = {SIGMOD Conference},
	Crossref = {DBLP:conf/sigmod/77},
	Ee = {http://doi.acm.org/10.1145/509404.509413, db/conf/sigmod/PaoliniP77.html},
	Pages = {40-46},
	Title = {Formal Definition of Mappings in a Data Base},
	Year = {1977}}

@proceedings{DBLP:conf/sigmod/77,
	Bibsource = {DBLP, http://dblp.uni-trier.de},
	Editor = {Diane C. P. Smith},
	Publisher = {ACM},
	Title = {Proceedings of the 1977 ACM SIGMOD International Conference on Management of Data, Toronto, Canada, August 3-5, 1977},
	Year = {1977}}

@article{Stevens10-sosym,
	Author = {Perdita Stevens},
	Bibsource = {DBLP, http://dblp.uni-trier.de},
	Ee = {http://dx.doi.org/10.1007/s10270-008-0109-9},
	Journal = {Software and System Modeling},
	Number = {1},
	Pages = {7-20},
	Title = {Bidirectional model transformations in QVT: semantic issues and open questions},
	Volume = {9},
	Year = {2010}}

@inproceedings{Stevens07-gttse,
	Author = {Perdita Stevens},
	Bibsource = {DBLP, http://dblp.uni-trier.de},
	Booktitle = {GTTSE},
	Crossref = {DBLP:conf/gttse/2007},
	Ee = {http://dx.doi.org/10.1007/978-3-540-88643-3_10},
	Pages = {408-424},
	Title = {A Landscape of Bidirectional Model Transformations},
	Year = {2007}}

@techreport{gsdlab-TR-MMing,
	Author = {Z. Diskin and M. Antkiewicz and K. Czarnecki},
	Institution = {{University of Waterloo}},
	Note = {In progress},
	Title = {{Specifying heterogeneous model overlap and consistency}}}

@techreport{gsdlab-TR-VUP,
	Author = {Z. Diskin},
	Institution = {{University of Waterloo}},
	Note = {{TR}},
	Title = {{Tiling the view update problem}}}

@inproceedings{gsdlab-gttse07,
	Author = {M. Antkiewicz and K. Czarnecki},
	Bibsource = {DBLP, http://dblp.uni-trier.de},
	Booktitle = {GTTSE},
	Crossref = {DBLP:conf/gttse/2007},
	Ee = {http://dx.doi.org/10.1007/978-3-540-88643-3_1},
	Pages = {3-46},
	Title = {Design Space of Heterogeneous Synchronization},
	Year = {2007}}

@inproceedings{graceReport-icmt09,
	Author = {K. Czarnecki and J. Foster and Z. Hu and R. L{\"a}mmel and A. Sch{\"u}rr and J. Terwilliger},
	Bibsource = {DBLP, http://dblp.uni-trier.de},
	Booktitle = {ICMT},
	Crossref = {DBLP:conf/icmt/2009},
	Ee = {http://dx.doi.org/10.1007/978-3-642-02408-5_19},
	Pages = {260-283},
	Title = {Bidirectional Transformations: A Cross-Discipline Perspective},
	Year = {2009}}

@proceedings{DBLP:conf/icmt/2009,
	Bibsource = {DBLP, http://dblp.uni-trier.de},
	Booktitle = {ICMT},
	Editor = {R. Paige},
	Ee = {http://dx.doi.org/10.1007/978-3-642-02408-5},
	Isbn = {978-3-642-02407-8},
	Publisher = {Springer},
	Series = {Lecture Notes in Computer Science},
	Title = {Theory and Practice of Model Transformations. Proceedings},
	Volume = {5563},
	Year = {2009}}

@misc{QVT08,
	Author = {{Object Management Group}},
	Howpublished = {\url{http://www.omg.org/docs/formal/08-04-03.pdf}},
	Title = {{MOF} Query / Views / Transformations Specification 1.0},
	Year = {2008}}

@inproceedings{Xiong09-icmt,
	Author = {Y. Xiong and H. Song and Z. Hu and M. Takeichi},
	Bibsource = {DBLP, http://dblp.uni-trier.de},
	Booktitle = {ICMT},
	Crossref = {DBLP:conf/icmt/2009},
	Ee = {http://dx.doi.org/10.1007/978-3-642-02408-5_15},
	Pages = {213-228},
	Title = {Supporting Parallel Updates with Bidirectional Model Transformations},
	Year = {2009}}

@book{cats4se,
	Author = {{Jos\'e Fiadeiro}},
	Pages = {250},
	Publisher = {Springer},
	Title = {Categories for Software Engineering},
	Year = 2004}

@inproceedings{mmt-provenance-green-vldb07,
	Author = {Todd J. Green and Grigoris Karvounarakis and Zachary G. Ives and Val Tannen},
	Bibsource = {DBLP, http://dblp.uni-trier.de},
	Booktitle = {VLDB},
	Crossref = {DBLP:conf/vldb/2007},
	Ee = {http://www.vldb.org/conf/2007/papers/research/p675-green.pdf},
	Pages = {675-686},
	Title = {Update Exchange with Mappings and Provenance},
	Year = {2007}}

@inproceedings{sync-viewMaintain-SusanD-Liefke2000,
	Author = {H. Liefke and S. Davidson},
	Bibsource = {DBLP, http://dblp.uni-trier.de},
	Booktitle = {DaWaK},
	Ee = {http://link.springer.de/link/service/series/0558/bibs/1874/18740114.htm},
	Pages = {114-125},
	Title = {View Maintenance for Hierarchical Semistructured Data},
	Year = {2000}}

@proceedings{DBLP:conf/dawak/2000,
	Bibsource = {DBLP, http://dblp.uni-trier.de},
	Booktitle = {DaWaK},
	Editor = {Y. Kambayashi \textit{et al}},
	Isbn = {3-540-67980-4},
	Publisher = {Springer},
	Series = {LNCS},
	Title = {Data Warehousing and Knowledge Discovery, Second International Conference, DaWaK 2000, London, UK, September 4-6, 2000, Proceedings},
	Volume = {1874},
	Year = {2000}}

@inproceedings{Stevens08,
	Author = {P. Stevens},
	Bibsource = {DBLP, http://dblp.uni-trier.de},
	Booktitle = {ICGT},
	Ee = {http://dx.doi.org/10.1007/978-3-540-87405-8_1},
	Pages = {1-17},
	Title = {Towards an Algebraic Theory of Bidirectional Transformations},
	Year = {2008}}

@proceedings{DBLP:conf/gg/2008,
	Bibsource = {DBLP, http://dblp.uni-trier.de},
	Booktitle = {ICGT},
	Editor = {H. Ehrig \textit{et al}},
	Isbn = {978-3-540-87404-1},
	Publisher = {Springer},
	Series = {LNCS},
	Title = {Graph Transformations, 4th International Conference, ICGT 2008, Leicester, United Kingdom, September 7-13, 2008. Proceedings},
	Volume = {5214},
	Year = {2008}}

@techreport{sync-lenses-origin-2003,
	Author = {B. Pierce and A. Schmitt},
	Institution = {University of Pennsylvania},
	Title = {{Lenses and view update translation}},
	Year = 2003}

@inproceedings{Foster08,
	Acmid = {1328487},
	Address = {New York, NY, USA},
	Author = {Bohannon, Aaron and Foster, J. Nathan and Pierce, Benjamin C. and Pilkiewicz, Alexandre and Schmitt, Alan},
	Booktitle = {Proceedings of the 35th annual ACM SIGPLAN-SIGACT symposium on Principles of programming languages},
	Ee = {http://dx.doi.org/10.1145/1328438.1328487},
	Isbn = {978-1-59593-689-9},
	Keywords = {bidirectional languages, lenses, regular string transducers, regular types, view update problem},
	Location = {San Francisco, California, USA},
	Numpages = {13},
	Pages = {407--419},
	Publisher = {ACM},
	Series = {POPL '08},
	Title = {Boomerang: resourceful lenses for string data},
	Year = {2008}}

@proceedings{DBLP:conf/popl/2008,
	Bibsource = {DBLP, http://dblp.uni-trier.de},
	Booktitle = {POPL},
	Editor = {George C. Necula and Philip Wadler},
	Isbn = {978-1-59593-689-9},
	Publisher = {ACM},
	Title = {Proceedings of the 35th ACM SIGPLAN-SIGACT Symposium on Principles of Programming Languages, POPL 2008, San Francisco, California, USA, January 7-12, 2008},
	Year = {2008}}

@inproceedings{sync-bidir-survey09,
	Author = {K. Czarnecki and J. N. Foster and Z. Hu and R. L{\"a}mmel and A. Sch{\"u}rr and J. Terwilliger},
	Bibsource = {DBLP, http://dblp.uni-trier.de},
	Booktitle = {ICMT},
	Ee = {http://dx.doi.org/10.1007/978-3-642-02408-5_19},
	Title = {Bidirectional Transformations: A Cross-Discipline Perspective},
	Year = {2009}}

@article{JR07,
	Author = {M. Johnson and R. Rosebrugh},
	Bibsource = {DBLP, http://dblp.uni-trier.de},
	Ee = {http://dx.doi.org/10.1016/j.tcs.2007.06.004},
	Journal = {Theor. Comput. Sci.},
	Number = {1-3},
	Pages = {109-129},
	Title = {Fibrations and universal view updatability},
	Volume = {388},
	Year = {2007}}

@inproceedings{selic-embedded-DBLP:conf/isorc/Selic08,
	Author = {Bran Selic},
	Bibsource = {DBLP, http://dblp.uni-trier.de},
	Booktitle = {ISORC},
	Crossref = {DBLP:conf/isorc/2008},
	Ee = {http://doi.ieeecomputersociety.org/10.1109/ISORC.2008.78},
	Pages = {357},
	Title = {Embedded Systems Research: Missed Opportunities},
	Year = {2008}}

@proceedings{DBLP:conf/isorc/2008,
	Bibsource = {DBLP, http://dblp.uni-trier.de},
	Booktitle = {ISORC},
	Publisher = {IEEE Computer Society},
	Title = {11th IEEE International Symposium on Object-Oriented Real-Time Distributed Computing (ISORC 2008), 5-7 May 2008, Orlando, Florida, USA},
	Year = {2008}}

@inproceedings{selic-general-DBLP:conf/cal/Selic08,
	Author = {Bran Selic},
	Bibsource = {DBLP, http://dblp.uni-trier.de},
	Booktitle = {CAL},
	Crossref = {DBLP:conf/cal/2008},
	Pages = {3},
	Title = {Filling in the Whitespace: Research Opportunities in Model-Driven Software Development and Model-Driven Engineering},
	Year = {2008}}

@proceedings{DBLP:conf/cal/2008,
	Bibsource = {DBLP, http://dblp.uni-trier.de},
	Booktitle = {CAL},
	Editor = {Yamine A\"{\i}t Ameur},
	Publisher = {C{\'e}padu{\`e}s-{\'E}ditions},
	Series = {Revue des Nouvelles Technologies de l'Information},
	Title = {2{\`e}me Conf{\'e}rence Francophone sur les Architectures Logicielles (CAL 2008), 3-7 Mars 2008, Montr{\'e}al, Qu{\'e}bec, Canada},
	Volume = {RNTI-L-2},
	Year = {2008}}

@book{gt-EEPT-2006,
	Author = {H. Ehrig and K. Ehrig and U. Prange and G. Taenzer},
	Published = {Springer},
	Title = {{Fundamentals of Algebraic Graph Transformation}},
	Year = 2006}

@proceedings{models2008,
	Bibsource = {DBLP, http://dblp.uni-trier.de},
	Booktitle = {MoDELS},
	Editor = {Krzysztof Czarnecki and Ileana Ober and Jean-Michel Bruel and Axel Uhl and Markus V{\"o}lter},
	Isbn = {978-3-540-87874-2},
	Publisher = {Springer},
	Series = {Lecture Notes in Computer Science},
	Title = {Model Driven Engineering Languages and Systems, 11th International Conference, MoDELS 2008, Toulouse, France, September 28 - October 3, 2008. Proceedings},
	Volume = {5301},
	Year = {2008}}

@inproceedings{mmt-matching-simFlooding-Melnik02,
	Author = {Sergey Melnik and Hector Garcia-Molina and Erhard Rahm},
	Bibsource = {DBLP, http://dblp.uni-trier.de},
	Booktitle = {ICDE},
	Crossref = {DBLP:conf/icde/2002},
	Ee = {http://csdl.computer.org/comp/proceedings/icde/2002/1531/00/15310117abs.htm},
	Pages = {117-128},
	Title = {Similarity Flooding: A Versatile Graph Matching Algorithm and Its Application to Schema Matching},
	Year = {2002}}

@proceedings{DBLP:conf/icde/2002,
	Bibsource = {DBLP, http://dblp.uni-trier.de},
	Isbn = {0-7695-1531-2},
	Publisher = {IEEE Computer Society},
	Title = {Proceedings of the 18th International Conference on Data Engineering, 26 February - 1 March 2002, San Jose, CA},
	Year = {2002}}

@inproceedings{mmt-matching-models08,
	Author = {Jean-R{\'e}my Falleri and Marianne Huchard and Mathieu Lafourcade and Cl{\'e}mentine Nebut},
	Bibsource = {DBLP, http://dblp.uni-trier.de},
	Booktitle = {MoDELS},
	Crossref = {DBLP:conf/models/2008},
	Ee = {http://dx.doi.org/10.1007/978-3-540-87875-9_24},
	Pages = {326-340},
	Title = {Metamodel Matching for Automatic Model Transformation Generation},
	Year = {2008}}

@inproceedings{mehrdad-re07,
	Author = {Mehrdad Sabetzadeh and Shiva Nejati and Sotirios Liaskos and Steve M. Easterbrook and Marsha Chechik},
	Bibsource = {DBLP, http://dblp.uni-trier.de},
	Booktitle = {RE},
	Crossref = {DBLP:conf/re/2007},
	Ee = {http://dx.doi.org/10.1109/RE.2007.18},
	Pages = {221-230},
	Title = {Consistency Checking of Conceptual Models via Model Merging},
	Year = {2007}}

@proceedings{DBLP:conf/re/2007,
	Bibsource = {DBLP, http://dblp.uni-trier.de},
	Booktitle = {RE},
	Isbn = {0-7695-2935-6},
	Publisher = {IEEE},
	Title = {15th IEEE International Requirements Engineering Conference, RE 2007, October 15-19th, 2007, New Delhi, India},
	Year = {2007}}

@article{mmt-diff-GarlanASE-08,
	Author = {Marwan Abi-Antoun and Jonathan Aldrich and Nagi H. Nahas and Bradley R. Schmerl and David Garlan},
	Bibsource = {DBLP, http://dblp.uni-trier.de},
	Doi = {10.1007/s10515-007-0023-3},
	Journal = {Autom. Softw. Eng.},
	Number = {1},
	Pages = {35-74},
	Title = {Differencing and merging of architectural views},
	Volume = {15},
	Year = {2008},
	Bdsk-Url-1 = {http://dx.doi.org/10.1007/s10515-007-0023-3}}

@inproceedings{Xiong07,
	Author = {Y. Xiong and D. Liu and Z. Hu and H. Zhao and M. Takeichi and H. Mei},
	Bibsource = {DBLP, http://dblp.uni-trier.de},
	Booktitle = {ASE},
	Ee = {http://doi.acm.org/10.1145/1321631.1321657},
	Pages = {164-173},
	Title = {Towards automatic model synchronization from model transformations},
	Year = {2007}}

@article{mmt-diff-Cicchetti-JOT-07,
	Author = {Antonio Cicchetti and Davide Di Ruscio and Alfonso Pierantonio},
	Issue = 9,
	Journal = {{JOT}},
	Title = {A Metamodel Independent Approach to Difference Representation},
	Volume = 6,
	Year = 2007}

@inproceedings{mmt-diff-treude-fse07,
	Acmid = {1287665},
	Address = {New York, NY, USA},
	Author = {Treude, Christoph and Berlik, Stefan and Wenzel, Sven and Kelter, Udo},
	Booktitle = {Proceedings of the the 6th joint meeting of the European software engineering conference and the ACM SIGSOFT symposium on The foundations of software engineering},
	Doi = {10.1145/1287624.1287665},
	Isbn = {978-1-59593-811-4},
	Keywords = {differences, models, search trees, versioning},
	Location = {Dubrovnik, Croatia},
	Numpages = {10},
	Pages = {295--304},
	Publisher = {ACM},
	Series = {ESEC-FSE '07},
	Title = {Difference computation of large models},
	Year = {2007},
	Bdsk-Url-1 = {http://dx.doi.org/10.1145/1287624.1287665}}

@inproceedings{tiles-kelly-street74,
	Author = {G.M. Kelly and R. Street},
	Booktitle = {{Category Seminar, Sydney 1972/73}},
	Pages = {75-103},
	Series = {{Lecture Notes in Math., 420}},
	Title = {Review of the elements of 2-categories},
	Year = 1974}

@article{tiles-pastingLemma-93,
	Author = {R. Dawson and R. Pare},
	Issue = 1,
	Journal = {Cahiers de topologie et g\'eom\'etrie diff\'erentielle cat\'egoriques},
	Pages = {57-79},
	Title = {General associativity and general compostion for double categories},
	Volume = 34,
	Year = 1993}

@inproceedings{spans-KatisSW97,
	Author = {Piergiulio Katis and Nicoletta Sabadini and Robert F. C. Walters},
	Bibsource = {DBLP, http://dblp.uni-trier.de},
	Booktitle = {AMAST},
	Crossref = {DBLP:conf/amast/1997},
	Pages = {307-321},
	Title = {Span(Graph): A Categorial Algebra of Transition Systems},
	Year = {1997}}

@proceedings{DBLP:conf/amast/1997,
	Bibsource = {DBLP, http://dblp.uni-trier.de},
	Booktitle = {AMAST},
	Editor = {Michael Johnson},
	Isbn = {3-540-63888-1},
	Publisher = {Springer},
	Series = {Lecture Notes in Computer Science},
	Title = {Algebraic Methodology and Software Technology, 6th International Conference, AMAST '97, Sydney, Australia, December 13-17, 1997, Proceedings},
	Volume = {1349},
	Year = {1997}}

@inproceedings{tiles-GadducciM00,
	Author = {Fabio Gadducci and Ugo Montanari},
	Bibsource = {DBLP, http://dblp.uni-trier.de},
	Booktitle = {Proof, Language, and Interaction},
	Pages = {133-166},
	Title = {The tile model},
	Year = {2000}}

@article{tiles-bruniMM02,
	Author = {R. Bruni and J. Meseguer and U. Montanari},
	Bibsource = {DBLP, http://dblp.uni-trier.de},
	Journal = {Mathematical Structures in Computer Science},
	Number = {1},
	Pages = {53-90},
	Title = {Symmetric Monoidal and Cartesian Double Categories as a Semantic Framework for Tile Logic},
	Volume = {12},
	Year = {2002}}

@proceedings{DBLP:conf/birthday/1999milner,
	Bibsource = {DBLP, http://dblp.uni-trier.de},
	Booktitle = {Proof, Language, and Interaction},
	Editor = {Gordon D. Plotkin and Colin Stirling and Mads Tofte},
	Isbn = {978-0-262-16188-6},
	Publisher = {The MIT Press},
	Title = {Proof, Language, and Interaction, Essays in Honour of Robin Milner},
	Year = {2000}}

@inproceedings{DBLP:conf/icmt/CzarneckiFHLST09,
	Author = {Krzysztof Czarnecki and J. Nathan Foster and Zhenjiang Hu and Ralf L{\"a}mmel and Andy Sch{\"u}rr and James F. Terwilliger},
	Bibsource = {DBLP, http://dblp.uni-trier.de},
	Booktitle = {ICMT},
	Crossref = {DBLP:conf/icmt/2009},
	Ee = {http://dx.doi.org/10.1007/978-3-642-02408-5_19},
	Pages = {260-283},
	Title = {Bidirectional Transformations: A Cross-Discipline Perspective},
	Year = {2009}}

@inproceedings{mmt-umlDiff-kelter03,
	Author = {D. Ohst and M. Welle and U. Kelter},
	Bibsource = {DBLP, http://dblp.uni-trier.de},
	Booktitle = {ESEC / SIGSOFT FSE},
	Crossref = {DBLP:conf/sigsoft/2003},
	Ee = {http://doi.acm.org/10.1145/940071.940102},
	Pages = {227-236},
	Title = {Differences between versions of UML diagrams},
	Year = {2003}}

@proceedings{DBLP:conf/sigsoft/2003,
	Bibsource = {DBLP, http://dblp.uni-trier.de},
	Booktitle = {ESEC/SIGSOFT FSE},
	Publisher = {ACM},
	Title = {Proceedings of the 11th ACM SIGSOFT Symposium on Foundations of Software Engineering 2003 held jointly with 9th European Software Engineering Conference, ESEC/FSE 2003, Helsinki, Finland, September 1-5, 2003},
	Year = {2003}}

@inproceedings{xml-dewitt-03,
	Author = {Yuan Wang and David J. DeWitt and Jin-yi Cai},
	Bibsource = {DBLP, http://dblp.uni-trier.de},
	Booktitle = {ICDE},
	Crossref = {DBLP:conf/icde/2003},
	Ee = {http://csdl.computer.org/comp/proceedings/icde/2003/2071/00/20710519abs.htm},
	Pages = {519-530},
	Title = {X-Diff: An Effective Change Detection Algorithm for XML Documents},
	Year = {2003}}

@proceedings{DBLP:conf/icde/2003,
	Bibsource = {DBLP, http://dblp.uni-trier.de},
	Editor = {Umeshwar Dayal and Krithi Ramamritham and T. M. Vijayaraman},
	Isbn = {0-7803-7665-X},
	Publisher = {IEEE Computer Society},
	Title = {Proceedings of the 19th International Conference on Data Engineering, March 5-8, 2003, Bangalore, India},
	Year = {2003}}

@article{mmt-saito-shapiro-survey05,
	Author = {Yasushi Saito and Marc Shapiro},
	Bibsource = {DBLP, http://dblp.uni-trier.de},
	Ee = {http://doi.acm.org/10.1145/1057977.1057980},
	Journal = {ACM Comput. Surv.},
	Number = {1},
	Pages = {42-81},
	Title = {Optimistic replication},
	Volume = {37},
	Year = {2005}}

@inproceedings{mmt-compsac/ThioneP05,
	Author = {G. Lorenzo Thione and Dewayne E. Perry},
	Bibsource = {DBLP, http://dblp.uni-trier.de},
	Booktitle = {COMPSAC},
	Crossref = {DBLP:conf/compsac/2005},
	Ee = {http://doi.ieeecomputersociety.org/10.1109/COMPSAC.2005.117},
	Pages = {47-56},
	Title = {Parallel Changes: Detecting Semantic Interferences},
	Year = {2005}}

@proceedings{DBLP:conf/compsac/2005,
	Bibsource = {DBLP, http://dblp.uni-trier.de},
	Booktitle = {COMPSAC},
	Isbn = {0-7695-2413-3},
	Publisher = {IEEE Computer Society},
	Title = {29th Annual International Computer Software and Applications Conference (COMPSAC 2005), 25-28 July 2005, Edinburgh, Scotland, UK},
	Year = {2005}}

@inproceedings{mmt-aPierantonio-CicchettiRP08,
	Author = {Antonio Cicchetti and Davide Di Ruscio and Alfonso Pierantonio},
	Bibsource = {DBLP, http://dblp.uni-trier.de},
	Booktitle = {MoDELS},
	Ee = {http://dx.doi.org/10.1007/978-3-540-87875-9_23},
	Pages = {311-325},
	Title = {Managing Model Conflicts in Distributed Development},
	Year = {2008}}

@inproceedings{mmt-diff-jgray-oopsla04,
	Author = {Y. Lin and J. Zhang and J. Gray},
	Bibsource = {DBLP, http://dblp.uni-trier.de},
	Booktitle = {OOPSLA Companion},
	Crossref = {DBLP:conf/oopsla/2005c},
	Title = {{Model comparison: A key chalange for transformation testing and version control in MDSD}},
	Year = {2004}}

@article{mmt-diff-jgray-EJIS07,
	Author = {Lin, Yuehua and Gray, Jeff and Jouault, Fr\'{e}d\'{e}ric},
	Citeulike-Article-Id = {1584466},
	Journal = {{European J. of Information Systems}},
	Keywords = {mdd, transformation},
	Pages = {349-361},
	Priority = {0},
	Title = {{{DSMDiff}: A Differentiation Tool for Domain-Specific Models}},
	Volume = 16,
	Year = {2007}}

@article{relVarset-susanN-2004,
	Author = {Susan Niefield},
	Journal = {{Theory and Applications of Categories}},
	Number = 7,
	Pages = {248-261},
	Title = {Change of base for relational variable sets},
	Volume = 12,
	Year = 2004}

@manual{QVT-05,
	Address = {{\tt http://www.omg.org/docs/ptc}},
	Organization = {{OMG}},
	Title = {{\em {MOF QVT Final Adopted Specification. Formal/05-11-01}}},
	Year = 2005}

@article{GPZ88,
	Author = {G. Gottlob and P. Paolini and R. Zicari},
	Journal = {{ACM TODS}},
	Number = 4,
	Pages = {486-524},
	Title = {Properties and update semantics of consistent views},
	Volume = 13,
	Year = 1988}

@inproceedings{GT-TGG-EhrigEEHT07,
	Author = {H. Ehrig and K. Ehrig and C. Ermel and F. Hermann and G. Taentzer},
	Booktitle = {FASE},
	Pages = {72-86},
	Title = {Information Preserving Bidirectional Model Transformations},
	Year = {2007}}

@article{GT-TGG-KonigsS06,
	Author = {A. K{\"o}nigs and A. Sch{\"u}rr},
	Journal = {{ENTCS}},
	Number = {1},
	Pages = {113-150},
	Title = {{Tool integration with triple graph grammars - A survey}},
	Volume = {148},
	Year = {2006}}

@inproceedings{mmt-bidir-program-2004,
	Author = {S. Mu and Z. Hu and M. Takeichi},
	Booktitle = {{APLAS 2004}},
	Editor = {W.-N. Chin},
	Series = {LNCS},
	Title = {{An algebraic approach to bi-directional updating}},
	Volume = {3302},
	Year = 2004}

@article{DB82,
	Author = {U. Dayal and P. Bernstein},
	Journal = {{TODS}},
	Number = 3,
	Pages = {381-416},
	Title = {{On the correct translation of update operations on relational views}},
	Volume = 7,
	Year = 1982}

@article{BS81,
	Author = {F. Bancilhon and N. Spyratos},
	Journal = {{TODS}},
	Number = 4,
	Pages = {557-575},
	Title = {{Update semantics of relational views}},
	Volume = 6,
	Year = 1981}

@unpublished{meertens98,
	Address = {Palo Alto},
	Author = {L. Meertens},
	Institution = {{Kestrel Institute}},
	Note = {{Available from \url{http://www.kestrel.edu/home/people/meertens/}}},
	Title = {{Designing constraint maintainers for user interaction}},
	Year = 1998}

@inproceedings{Foster05,
	Author = {J. Foster and M. Greenwald and J. Moore and B. Pierce and A. Schmitt},
	Booktitle = {POPL},
	Pages = {233-246},
	Title = {Combinators for bi-directional tree transformations: a linguistic approach to the view update problem},
	Year = {2005}}

@article{Foster07,
	Author = {J. N. Foster and M. Greenwald and J. Moore and B. Pierce and A. Schmitt},
	Bibsource = {DBLP, http://dblp.uni-trier.de},
	Doi = {10.1145/1232420.1232424},
	Journal = {ACM Trans. Program. Lang. Syst.},
	Number = {3},
	Title = {Combinators for bidirectional tree transformations: A linguistic approach to the view-update problem},
	Volume = {29},
	Year = {2007},
	Bdsk-Url-1 = {http://dx.doi.org/10.1145/1232420.1232424}}

@inproceedings{sync-relLenses-Bohannon06,
	Author = {A. Bohannon and B. Pierce and J. Vaughan},
	Booktitle = {PODS},
	Title = {Relational lenses: a language for updatable views},
	Year = {2006}}

@article{Foster07-exploit,
	Author = {J. N. Foster and M. Greenwald and C. Kirkegaard and B. Pierce and A. Schmitt},
	Bibsource = {DBLP, http://dblp.uni-trier.de},
	Doi = {10.1016/j.jcss.2006.10.024},
	Journal = {J. Comput. Syst. Sci.},
	Number = {4},
	Pages = {669-689},
	Title = {Exploiting schemas in data synchronization},
	Volume = {73},
	Year = {2007},
	Bdsk-Url-1 = {http://dx.doi.org/10.1016/j.jcss.2006.10.024}}

@inproceedings{Foster08-xxx,
	Acmid = {1328487},
	Address = {New York, NY, USA},
	Author = {Bohannon, Aaron and Foster, J. Nathan and Pierce, Benjamin C. and Pilkiewicz, Alexandre and Schmitt, Alan},
	Booktitle = {Proceedings of the 35th annual ACM SIGPLAN-SIGACT symposium on Principles of programming languages},
	Ee = {http://dx.doi.org/10.1145/1328438.1328487},
	Isbn = {978-1-59593-689-9},
	Keywords = {bidirectional languages, lenses, regular string transducers, regular types, view update problem},
	Location = {San Francisco, California, USA},
	Numpages = {13},
	Pages = {407--419},
	Publisher = {ACM},
	Series = {POPL '08},
	Title = {Boomerang: resourceful lenses for string data},
	Year = {2008}}

@inproceedings{don-models08,
	Author = {Don S. Batory and Maider Azanza and Jo{\~a}o Saraiva},
	Bibsource = {DBLP, http://dblp.uni-trier.de},
	Booktitle = {MoDELS},
	Crossref = {DBLP:conf/models/2008},
	Ee = {http://dx.doi.org/10.1007/978-3-540-87875-9_1},
	Pages = {1-20},
	Title = {The Objects and Arrows of Computational Design},
	Year = {2008}}

@article{mmt-Visser01,
	Author = {E. Visser},
	Journal = {ENTCS},
	Title = {A Survey of Strategies in Program Transformation Systems},
	Volume = {57},
	Year = {2001}}

@inproceedings{mmt-ehrig-FASE07,
	Author = {H. Ehrig and K. Ehrig and C. Ermel and F. Hermann and G. Taentzer},
	Booktitle = {FASE},
	Title = {Information Preserving Bidirectional Model Transformations},
	Year = {2007}}

@article{mmt-mens-survey02,
	Author = {Tom Mens},
	Bibsource = {DBLP, http://dblp.uni-trier.de},
	Ee = {http://www.computer.org:80/tse/ts2002/e0449abs.htm},
	Journal = {IEEE Trans. Software Eng.},
	Number = {5},
	Pages = {449-462},
	Title = {A State-of-the-Art Survey on Software Merging},
	Volume = {28},
	Year = {2002}}

@article{mmt-mens-taxonomy06,
	Author = {T. Mens and P. Van Gorp},
	Journal = {ENTCS},
	Title = {A Taxonomy of Model Transformation},
	Volume = {152},
	Year = {2006}}

@inproceedings{Stevens07,
	Author = {P. Stevens},
	Booktitle = {{MoDELS}},
	Title = {{Bidirectional model transformation in QVT: Semantic issues and open questions}},
	Year = 2007}

@inproceedings{mmt-mise/icse07,
	Author = {M. Sabetzadeh and S. Nejati and S. Easterbrook and M. Chechik},
	Booktitle = {MISE '07: Proc.Int. Workshop on Modeling in Software Engineering},
	Publisher = {IEEE Computer Society},
	Title = {A Relationship-Driven Framework for Model Merging},
	Year = {2007}}

@inproceedings{mmt-manifesto-modelMegre-UofT,
	Author = {Brunet, G. and Chechik, M. and Easterbrook, S. and Nejati, S. and Niu, N. and Sabetzadeh, M.},
	Booktitle = {GaMMa},
	Title = {A manifesto for model merging},
	Year = {2006}}

@inproceedings{mda-manifesto/2004,
	Author = {G. Booch and A. Brown and S. Iyengar and J. Rumbaugh and B. Selic},
	Booktitle = {{The MDA Journal}},
	Editor = {D. Frankel and J. Parodi},
	Publisher = {{Meghan-Kiffer Press}},
	Title = {{An MDA Manifesto}},
	Year = 2004}

@inproceedings{mdd-semanticWeb/2004,
	Author = {D. Frankel and P. Hayes and E. Kendall and D. McGuiness},
	Booktitle = {{The MDA Journal}},
	Editor = {D. Frankel and J. Parodi},
	Publisher = {{Meghan-Kiffer Press}},
	Title = {{A model-driven Semantic Web}},
	Year = 2004}

@inproceedings{Bernstein07,
	Author = {P. Bernstein and S. Melnik},
	Booktitle = {SIGMOD Conference},
	Pages = {1-12},
	Title = {{Model management 2.0: manipulating richer mappings}},
	Year = {2007}}

@book{omt-rumbaugh/91,
	Author = {J. Rumbaugh and M. Blaha and W. Premerlani and F. Eddy and W. Lorensen},
	Isbn = {0-13-629841-9},
	Publisher = {Prentice-Hall},
	Title = {Object-oriented modeling and design},
	Year = {1991}}

@inproceedings{MDD-branSelic/isorc06,
	Author = {B. Selic},
	Booktitle = {ISORC},
	Pages = {313-319},
	Title = {Model-Driven Development: Its Essence and Opportunities},
	Year = {2006}}

@article{assons-tse/BarbierHPB03,
	Author = {F. Barbier and B. Henderson-Sellers and A.Le Parc and J.Bruel},
	Bibsource = {DBLP, http://dblp.uni-trier.de},
	Ee = {http://www.computer.org/tse/ts2003/e0459abs.htm},
	Journal = {IEEE Trans. Software Eng.},
	Number = {5},
	Pages = {459-470},
	Title = {{Formalization of the whole-part relationship in UML}},
	Volume = {29},
	Year = {2003}}

@article{assons-SusanneGraf/sttt/GrafHOS06,
	Author = {S. Graf and {\O}.Haugen and I. Ober and B. Selic},
	Bibsource = {DBLP, http://dblp.uni-trier.de},
	Ee = {http://dx.doi.org/10.1007/s10009-005-0220-y},
	Journal = {STTT},
	Number = {2},
	Pages = {93-96},
	Title = {Preface of "Specification and Validation of Real Time and Embedded systems in UML"},
	Volume = {8},
	Year = {2006}}

@manual{assons-javaGenerics/Bracha07,
	Address = {{\tt http://java.sun.com/j2se/1.5}},
	Author = {G. Bracha},
	Organization = {Sun},
	Title = {{Generics in Java programming language}},
	Year = 2004}

@article{assons-ClassDiags/CACM2007,
	Author = {J. Erickson and K.Siau},
	Issue = 8,
	Journal = CACM,
	Pages = {46-51},
	Title = {{Theoretical and practical complexity of modeling methods}},
	Volume = 50,
	Year = 2007}

@inproceedings{assons-MultiesForAss/UML2001full,
	Author = {G. G\'enova and J. Llorens and P. Mart\'\i nez},
	Booktitle = {{UML'2001}},
	Publisher = {Springer},
	Series = {LNCS\#2185},
	Title = {Semantics of the minimum multiplicity in ternary associations in {UML}},
	Year = {2001}}

@manual{UMLsuperstr07,
	Address = {{\tt http://www.omg.org/docs/formal}},
	Organization = {{OMG}},
	Title = {{\textit{Unified Modeling Language: Superstructure. Version 2.1.1 Formal/2007-02-03}}},
	Year = 2007}

@manual{assons-OMG/email/disc,
	Address = {{\tt uml2-superstructure-ftp@omg.org}},
	Organization = {{OMG}},
	Title = {{E-Conference on UML2 Superstructure. Issue \#5977}},
	Year = 2003}

@manual{EMFsite,
	Address = {{\tt http://www.eclipse.org/modeling/emf}},
	Organization = {{Open Source}},
	Title = {{Eclipse Modeling Framework}},
	Year = 2007}

@article{assons-jot/Genova2004,
	Author = {G. G\'enova and J. Llorens and J. Fuentes},
	Journal = {{J.of Object Technology}},
	Number = 7,
	Title = {{UML associations: A structural and contextual view}},
	Volume = 3,
	Year = 2004}

@article{assons-sosym/Stevens2002,
	Author = {P. Stevens},
	Journal = {Software and Systems Modeling},
	Number = 1,
	Title = {On the Interpretation of Binary Associations in the Unified Modeling Language},
	Volume = 1,
	Year = 2002}

@inproceedings{assons-oopsla/France99,
	Author = {R. France},
	Booktitle = {{OOPSLA}},
	Editor = {L. Meissner},
	Pages = {57-69},
	Publisher = {{ACM} Press},
	Title = {A problem-orineted analysis of basic {UML} static modeling concepts},
	Year = 1999}

@article{assons-tse/Milicev07,
	Author = {D. Milicev},
	Bibsource = {DBLP, http://dblp.uni-trier.de},
	Ee = {http://dx.doi.org/10.1109/TSE.2007.37},
	Journal = {IEEE Trans. Software Eng.},
	Number = {4},
	Pages = {238-251},
	Title = {On the Semantics of Associations and Association Ends in UML.},
	Volume = {33},
	Year = {2007}}

@inproceedings{assons-wcre/Gogolla01,
	Author = {R. Kollmann and M. Gogolla},
	Bibsource = {DBLP, http://dblp.uni-trier.de},
	Booktitle = {WCRE},
	Ee = {http://computer.org/proceedings/wcre/1303/13030081abs.htm},
	Pages = {81-},
	Title = {Application of UML Associations and Their Adornments in Design Recovery.},
	Year = {2001}}

@inproceedings{assons-oopsla/HarrisonBR00,
	Author = {W. Harrison and C. Barton and M. Raghavachari},
	Bibsource = {DBLP, http://dblp.uni-trier.de},
	Booktitle = {OOPSLA},
	Ee = {http://doi.acm.org/10.1145/353171.353184},
	Pages = {178-187},
	Title = {{Mapping UML designs to Java.}},
	Year = {2000}}

@inproceedings{assons-oopsla/GueheneucA04,
	Author = {Y. Gu{\'e}h{\'e}neuc and H. Albin-Amiot},
	Bibsource = {DBLP, http://dblp.uni-trier.de},
	Booktitle = {OOPSLA},
	Ee = {http://doi.acm.org/10.1145/1028976.1029002},
	Pages = {301-314},
	Title = {{Recovering binary class relationships: Putting icing on the UML cake.}},
	Year = {2004}}

@article{assons-tse/JacksonW01,
	Author = {D. Jackson and A. Waingold},
	Bibsource = {DBLP, http://dblp.uni-trier.de},
	Ee = {http://www.computer.org/tse/ts2001/e0156abs.htm},
	Journal = {IEEE Trans. Software Eng.},
	Number = {2},
	Pages = {156-169},
	Title = {Lightweight Extraction of Object Models from Bytecode.},
	Volume = {27},
	Year = {2001}}

@inproceedings{asson-icse/JacksonW99,
	Author = {D. Jackson and A. Waingold},
	Bibsource = {DBLP, http://dblp.uni-trier.de},
	Booktitle = {ICSE},
	Ee = {http://portal.acm.org/citation.cfm?id=302405.302465},
	Pages = {194-202},
	Title = {Lightweight Extraction of Object Models from Bytecode.},
	Year = {1999}}

@article{assons-sosym/Akenhurst2007,
	Author = {Akehurst, D. and Howells, G. and Mcdonald-Maier, K.},
	Citeulike-Article-Id = {888435},
	Doi = {10.1007/s10270-006-0020-1},
	Journal = {Software and Systems Modeling},
	Keywords = {2007 java5 uml uml20},
	Pages = {3-35},
	Title = {Implementing associations: {UML 2.0 to Java 5}},
	Url = {http://dx.doi.org/10.1007/s10270-006-0020-1},
	Volume = 6,
	Year = {2007},
	Bdsk-Url-1 = {http://dx.doi.org/10.1007/s10270-006-0020-1}}

@inproceedings{connectors-services-Fiadeiro-04,
	Author = {J. Fiadeiro},
	Booktitle = {ICTAC},
	Ee = {http://springerlink.metapress.com/openurl.asp?genre=article{\&}issn=0302-9743{\&}volume=3407{\&}spage=1},
	Pages = {1-13},
	Title = {Software Services: Scientific Challenge or Industrial Hype?},
	Year = {2004}}

@book{Roscoe2005,
	Author = {A.W. Roscoe},
	Publisher = {Prentice Hall International Series in Computer Science},
	Title = {The theory and practice of concurrency},
	Year = 2005}

@book{BW90,
	Author = {M. Barr and C. Wells},
	Publisher = {PrenticeHall},
	Title = {Category theory for computing science},
	Year = 1995}

@book{GTbook,
	Author = {H. Ehrig and K. Ehrig and U.Prange and G. Taentzer},
	Publisher = {Springer},
	Title = {Fundamentals of algebraic graph tranformations},
	Year = 2006}

@book{gunterSemanticsOfPL,
	Author = {C. Gunter},
	Publisher = {{MIT} Pres},
	Title = {Semantics of programming languages},
	Year = 1992}

@book{lein04,
	Author = {Tom Leinster},
	Publisher = {{Cambridge University Press}},
	Title = {{Higher Operads, Higher Categories}},
	Year = 2004}

@book{BarrWells95,
	Author = {M. Barr and C. Wells},
	Publisher = {Prentice Hall International Series in Computer Science},
	Title = {Category Theory for Computing Science},
	Year = 1995}

@book{Manes76,
	Author = {E. Manes},
	Publisher = {Springer},
	Title = {Algebraic Theories},
	Year = 1976}

@book{LawvereBook97,
	Author = {F. Lawvere and S. Schanuel},
	Publisher = {Cambridge University Press},
	Title = {Conceptual Mathematics. A first introduction to categories},
	Year = 1997}

@book{CatLogic-by-Jacobs,
	Author = {B. Jacobs},
	Publisher = {Elsevier},
	Title = {Categorical logic and type theory},
	Year = 1999}

@book{jacobsFibrations,
	Author = {B. Jacobs},
	Publisher = {Elsevier Science Publishers},
	Title = {Categorical logic and type theory},
	Year = 1999}

@incollection{CatLogic-by-Pitts,
	Author = {A. Pitts},
	Booktitle = {Handbook of Logic in Computer Science, {V}olume {VI}},
	Editor = {S. Abramsky and D.M. Gabbay and T.S.E. Maibaum},
	Publisher = {Oxford University Press},
	Title = {Categorical logic},
	Year = 1996}

@book{Milner99,
	Author = {R. Milner},
	Publisher = {Cambridge University Press},
	Title = {Communicating and Mobile Systems: the $\pi$-Calculus},
	Year = 1999}

@book{Hoare85,
	Author = {C. Hoare},
	Publisher = {Prentice Hall},
	Title = {Communicating Sequential Processes},
	Year = 1985}

@book{FreydScedrov90,
	Author = {P. Freyd and A. Scedrov},
	Publisher = {Elsevier Sciece Publishers},
	Title = {Categories, {A}llegories},
	Year = 1990}

@incollection{Mak92,
	Author = {J. Makowsky},
	Booktitle = {Handbook of Logic in Computer Science},
	Editor = {S. Abramsky and D.M. Gabbay and T.S.E. Maibaum},
	Publisher = {Oxford University Press},
	Title = {Model theory and computer science: {A}n appetizer},
	Volume = 1,
	Year = 1992}

@incollection{wirsing90ADT,
	Author = {M. Wirsing},
	Booktitle = {Handbook of theoretical computer science, {\rm volume B}},
	Editor = {J. {van} Leeuwen},
	Pages = {673-788},
	Publisher = {{Elsevier/MIT Press}},
	Title = {Algebaric specifications},
	Year = 1990}

@incollection{Ne90,
	Author = {I. N\'emeti},
	Booktitle = {Algebraic logic and universal algebra in Computer Science},
	Editor = {C.H. Bergman and R.D. Maddux and D.L. Pigozzi},
	Pages = {37-76},
	Series = {Springer Lect.Notes in Comp.Sci},
	Title = {On cylindric algebraic model theory},
	Volume = 425,
	Year = 1990}

@article{tutorialCoalg,
	Author = {B. Jacobs and J. Rutten},
	Journal = {{EATCS Bulletin}},
	Pages = {222-259},
	Title = {{A Tutorial on (Co)Algebras and (Co)Induction}},
	Volume = 62,
	Year = 1997}

@article{ANSIreport75,
	Journal = {FDT},
	Number = 2,
	Title = {{ANSI/X3/SPARC} {S}tudy Group on Database Management System. {Interim Report}},
	Volume = 7,
	Year = 1975}

@article{DM86,
	Author = {E. Dahlhaus and J. Makowsky},
	Journal = {Rend.Sem.Mat.Univ.Pol.Torino},
	Title = {Computable directory queries},
	Year = 1987}

@article{CH80,
	Author = {A. Chandra and D. Harel},
	Journal = {J.Computer System Sci.},
	Number = 2,
	Pages = {156-178},
	Title = {Computable queries fo relational databases},
	Volume = 21,
	Year = 1980}

@article{GogBur92,
	Author = {J.A. Goguen and R.M. Burstall},
	Journal = {Journal of ACM},
	Number = 1,
	Pages = {95-146},
	Title = {Institutions: {A}bstract model theory for specification and programming},
	Volume = 39,
	Year = 1992}

@article{Goguen-Burstall-92,
	Author = {J.A. Goguen and R.M. Burstall},
	Journal = {Journal of ACM},
	Number = 1,
	Pages = {95-146},
	Title = {Institutions: {A}bstract model theory for specification and programming},
	Volume = 39,
	Year = 1992}

@article{GoguenManifest91,
	Author = {Joseph A. Goguen},
	Bibsource = {DBLP, http://dblp.uni-trier.de},
	Ee = {http://dx.doi.org/10.1017/S0960129500000050},
	Journal = {Mathematical Structures in Computer Science},
	Number = {1},
	Pages = {49-67},
	Title = {A Categorical Manifesto},
	Volume = {1},
	Year = {1991}}

@techreport{Rob94,
	Author = {E. Robinson},
	Institution = {University of Sussex},
	Note = {On ftp: //ftp/theory.doc.ic.ac.uk/papers/},
	Title = {Variations on algebra: monadicity and generalizations of equational theories},
	Year = 1994}

@book{LS86,
	Author = {J. Lambek and P. Scott},
	Publisher = {Cambridge University Press},
	Title = {Introduction to higher order categorical logic},
	Year = 1986}

@book{MMSowa,
	Editor = {G.W. Mineau and B. Moulin and J.F. Sowa},
	Number = 699,
	Publisher = {Springer},
	Series = {LNAI},
	Title = {Conceptual graphs for knowledge representation},
	Year = 1993}

@book{HMT2,
	Author = {L. Henkin and D. Monk and A. Tarski},
	Publisher = {North-{H}olland Publ.Co},
	Title = {Cylindric algebras, {P}art 2},
	Year = 1985}

@book{Tsa89,
	Author = {M. Tsalenko},
	Publisher = {Nauka Publ.Co},
	Title = {Semantic modeling in databases (in {R}ussian)},
	Year = 1989}

@book{BW85,
	Author = {M. Barr and C. Wells},
	Publisher = {Springer},
	Title = {Toposes, Triples, Theories},
	Year = 1985}

@book{TTT,
	Author = {M. Barr and C. Wells},
	Publisher = {Springer},
	Title = {Toposes, Triples, Theories},
	Year = 1985}

@unpublished{Wells94,
	Author = {C. Wells},
	Key = {www},
	Note = {Available under http://www.cwru.edu\slash artsci\slash math\slash wells\slash pub\slash papers.html},
	Title = {Sketches: {O}utline with references}}

@inproceedings{WB88,
	Author = {C. Wells and M. Barr},
	Booktitle = {Mathematical foundations of Programming language semantics},
	Series = {Springer Lect.Notes in Comp.Sci},
	Title = {The formal description of data types using sketches},
	Volume = 298,
	Year = 1988}

@article{Burr81,
	Author = {A. Burroni},
	Journal = {Cahiers de Topologie et G\'eom\'etrie Diff.},
	Pages = {249-266},
	Title = {Alg\'ebres graphiques},
	Volume = 22,
	Year = 1981}

@article{DubucKelly,
	Author = {E.J. Dubuc and G.M. Kelly},
	Journal = {J. of Algbera},
	Pages = {420-433},
	Title = {A presentation of topoi as algebraic relative to categories of graphs},
	Volume = 81,
	Year = 1983}

@article{RobRos,
	Author = {E. Robinson and P. Rosolini},
	Journal = {Information and Computation},
	Number = 2,
	Title = {Categories of partial maps},
	Volume = 79,
	Year = 1988}

@article{Freyd72,
	Author = {P. Freyd},
	Journal = {Bull.Austral.Math.Soc.},
	Pages = {1-72},
	Title = {Aspects of topoi},
	Volume = 7,
	Year = 1972}

@article{Adamek88,
	Author = {J. Ad\'amek and H. Herrlich and J. Rosi\v{c}ky},
	Journal = {Cahiers Topol. G\'eom\'etr. Diff\'er.},
	Number = 3,
	Pages = {175-192},
	Title = {Essentially equational categories},
	Volume = 29,
	Year = 1988}

@inproceedings{ICALP89,
	Author = {H. Ehrig and P. Peper and F. Orejas},
	Booktitle = {Proc. ICALP'89},
	Papers = {263-288},
	Series = {Springer Lect.Notes in Comp.Sci.},
	Title = {On recent trends in algberaic specifications},
	Volume = 372,
	Year = 1989}

@inproceedings{goguen-Charters,
	Author = {J.Goguen and R. Burstall},
	Pages = {313-333},
	Series = {Springer Lect.Notes in Comp.Sci},
	Title = {A study in the foundations of programming methodology: Specifications, institutions, charters and parchments},
	Volume = 240,
	Year = 1986}

@techreport{Mayoh,
	Author = {B. Mayoh},
	Institution = {Aarhus University, DAIMI PB-191},
	Title = {Galleries and institutions},
	Year = 1985}

@inproceedings{Cerioly,
	Author = {E. Astesiano and M. Cerioli},
	Booktitle = {Recent trends in Data Type Specification},
	Pages = {126-143},
	Series = {Springer Lect.Notes in Comp.Sci},
	Title = {Relationships between logical frames},
	Volume = 655,
	Year = 1992}

@incollection{GenLogics,
	Author = {N. Mart\'{i}-{O}liet and J. Meseguer},
	Booktitle = {What is a logical system?},
	Editor = {D. Gabbay},
	Pages = {100-137},
	Publisher = {Oxford University Press},
	Title = {General logics and logical frameworks},
	Year = 1994}

@incollection{Meseguer89,
	Author = {J. Meseguer},
	Booktitle = {Logic Colloquium'87},
	Editor = {H.-D. Ebbinhause et al},
	Publisher = {North-Holland Publ.Co.},
	Title = {General logics},
	Year = 1989}

@inproceedings{BaWellsFlorence,
	Address = {Florence (Italy)},
	Author = {A. Bagchi and C. Wells},
	Booktitle = {10th Int.Congress of Logic,Methodology and Philosophy of Science, Florence, 1995},
	Note = {Kluwer Acad.Publ.},
	Title = {Graph-based logic and sketches},
	Year = 1997}

@article{SazonovTCS,
	Author = {V. Yu. Sazonov},
	Journal = {Theoretical Computer Science},
	Pages = {187-214},
	Title = {Hereditary finite sets, data bases and polynomial-time computability},
	Volume = 119,
	Year = 1993}

@article{SazonovBounded87,
	Author = {V. Ju. Sazonov},
	Journal = {Application aspect of mathematical logic. Computing Systems},
	Note = {(in Russian). See also the short English version in volume 278 of springer Lect.Notes in Comp.Sci.,1987(391-397)},
	Pages = {110-132},
	Title = {Bounded set theory, polynomial computability and $\Delta $-programming},
	Volume = 122,
	Year = 1987}

@article{SazonovBounded91,
	Author = {V. Ju. Sazonov},
	Journal = {J.Symbolic Logic},
	Pages = {1141-1142},
	Title = {Bounded set theory and inductive definability},
	Volume = 56,
	Year = 1991}

@article{MoggiNotions,
	Author = {E. Moggi},
	Journal = {Information and Computation},
	Number = 1,
	Pages = {55-92},
	Title = {Notions of computation and monads},
	Volume = 93,
	Year = 1991}

@article{MoggiAccount,
	Author = {E. Moggi},
	Journal = {Mathematical structures in Computer Science},
	Pages = {103-139},
	Title = {A category-theoretic account of program modules},
	Volume = 1,
	Year = 1991}

@article{WadlerComprehending,
	Author = {P. Wadler},
	Journal = {Mathematical structures in Computer Science},
	Number = 4,
	Title = {Comprehending monads},
	Volume = 2,
	Year = 1992}

@book{EhrigMahr85,
	Author = {H. Ehrig and B. Mahr},
	Publisher = {Springer-Verlag},
	Series = {EATCS Monographs on Theoretical Computer Science, 6},
	Title = {Fundamentals of algebraic specifications I, Equations and initial semantics},
	Year = 1985}

@incollection{Gurevich,
	Author = {Ju. Gurevich},
	Booktitle = {Trends in Computer Science},
	Editor = {E. Borger},
	Pages = {?},
	Publisher = {???},
	Title = {Logic and the challenge of {C}omputer {S}cience},
	Year = 1988}

@incollection{AbramskyMind,
	Author = {S. Abramsky},
	Booktitle = {A Classical Mind: Essays in honour of C.A.R.Hoare},
	Editor = {A.W. Roscoe},
	Pages = {1-15},
	Publisher = {Prentice Hall Int.},
	Title = {Interaction categories and communicating sequential processes},
	Year = 1994}

@inproceedings{JifengHoare89,
	Author = {He Jifeng and C.A.R. Hoare},
	Booktitle = {Mathematical foundations of programing semantics},
	Pages = {402-417},
	Series = {Springer Lect.Notes in Comp.Sci},
	Title = {Categorical semantics for programing languages},
	Volume = 442,
	Year = 1989}

@article{MakowskyVopenka,
	Author = {J. Makowsky},
	Journal = {J. Symbolic Logic},
	Pages = {42-48},
	Title = {Vop$\acute {\rm e}$nka Principle and compact logics},
	Volume = 50,
	Year = 1985}

@article{BP89,
	Author = {W. Blok and D. Pigozzi},
	Journal = {Memoirs Amer.Math.Soc.},
	Title = {Algebraizable logics},
	Volume = 77,
	Year = 1989}

@inproceedings{BP92,
	Author = {W. Blok and D. Pigozzi},
	Booktitle = {Universal algebra and quasi-group theory},
	Editor = {A. Romanowska and J. Smith},
	Pages = {1-56},
	Series = {Research and exposition in mathematics (Heldermann Verlag), 19},
	Title = {Algebraic semantics for universal {H}orn logic without equality},
	Year = 1992}

@phdthesis{mydiss,
	Author = {Z.B. Diskin},
	Note = {In Russian. An English version was deposited at "Sibirskiy Matematicheskiy Zhournal" under No.7489, May, 1991.},
	School = {Omsk State University},
	Title = {Quasi-equational logic and model theory of algberas via congruences},
	Year = 1991}

@inproceedings{myuniv,
	Address = {Kazan'},
	Author = {Z. Diskin},
	Booktitle = {XI Mezhrespublijkanskaya Konferenciya po algebraicheskoy logike},
	Title = {Some results on universal logic and model theory of algebras via congruences},
	Year = 1992}

@article{myalglogI,
	Author = {Z. Diskin},
	Journal = {Proc. Latvian Academy of Sciences},
	Number = 1,
	Pages = {13-21},
	Title = {Abstract universal algebraic logic, {Part I: A} unified framework of structural hyperlogics for integrating the deductive and model-theoretic approaches},
	Volume = 50,
	Year = 1996}

@article{myalglogII,
	Author = {Z. Diskin},
	Journal = {Proc. Latvian Academy of Sciences},
	Number = 1,
	Pages = {22-30},
	Title = {Abstract universal algebraic logic, {Part II: A}lgebraizable logics and algberaic semantics (Galois connections, compactness, constructivizability)},
	Volume = 50,
	Year = 1996}

@article{RelVarset96,
	Author = {S. Ghilardi and G. Meloni},
	Journal = {J. Symbolic Logic},
	Pages = {843-72},
	Title = {Relational and partial variable sets and basic predicate logic},
	Volume = 61,
	Year = 1996}

@incollection{Pitts95,
	Author = {A. Pitts},
	Booktitle = {Handbook of Logic in Computer Science, {V}olume {VI}},
	Editor = {S. Abramsky and D.M. Gabbay and T.S.E. Maibaum},
	Publisher = {Oxford University Press},
	Title = {Categorical logic},
	Year = 1996}

@incollection{Gray89,
	Author = {J. Gray},
	Booktitle = {Categories in computer science and logic},
	Editor = {J. Gray and A. Scedrov},
	Publisher = {American Mathematical Society},
	Series = {Contemporary Mathematics},
	Title = {The category of sketches as a model for algebraic semantics},
	Volume = 92,
	Year = 1989}

@incollection{GurLipari,
	Author = {Ju. Gurevich},
	Booktitle = {Specification and validation methods},
	Editor = {E. Borger},
	Publisher = {Oxford University Press},
	Title = {Evolving algebras: {L}ipari Guide},
	Year = 1994}

@incollection{GradGur96,
	Author = {E. Gradel and Ju. Gurevich},
	Booktitle = {Logic and computational complexity},
	Editor = {D. Leivant},
	Pages = {313-66},
	Publisher = {Springer},
	Title = {Metafinite model theory},
	Year = 1995}

@incollection{Composi,
	Author = {H. Langmaack and A. Pnueli and W-P. de Roever and A. Strabner},
	Booktitle = {Compositionality. Proceedings of Int. Symposium},
	Title = {Foreword},
	Year = 1997}

@article{Feldman,
	Author = {N. Feldman},
	Journal = {J.Symbolic Logic},
	Number = 3,
	Pages = {481-492},
	Title = {Axiomatization of polynomial substitution algebras},
	Volume = 47,
	Year = 1982}

@inproceedings{DiskinLambda,
	Author = {Z. Diskin},
	Booktitle = {Mathematical foundations of Computer Science, MFCS'1993},
	Pages = {423-432},
	Series = {Springer Lect.Notes in Comp.Sci},
	Title = {Lambda substitution algebras},
	Volume = 711,
	Year = 1993}

@article{PigoBinding,
	Author = {D. Pigozzi and A. Salibra},
	Journal = {Studia Logica},
	Pages = {129-179},
	Title = {Abstract variable binding calculus},
	Volume = 55,
	Year = 1995}

@inproceedings{PigoLambda,
	Author = {D.Pigozzi and A. Salibra},
	Booktitle = {Mathematical foundations of Computer Science, MFCS'1993},
	Pages = {xxx-yyy},
	Series = {Springer Lect.Notes in Comp.Sci},
	Title = {A representation theorem for lambda algebras},
	Volume = 711,
	Year = 1993}

@incollection{CirulisSA,
	Author = {J. C=\i rulis},
	Booktitle = {Algebraic logic},
	Editors = {H. Andr\'eka and D. Monk and I. N\'emeti},
	Note = {See also {\it Corrections ...}, Acta Universitatis Latviensis, {\bf 595} (1994), pages 47-51},
	Pages = {125-146},
	Publisher = North-Holland,
	Series = {Colloq.Math.Soc.J. Bolyai},
	Title = {An algebraization of first-order logic with terms},
	Volume = 54,
	Year = 1991}

@incollection{SalibraQuantif,
	Author = {A. Salibra},
	Booktitle = {Algebraic logic},
	Editors = {H. Andr\'eka and D. Monk and I. N\'emeti},
	Publisher = {North-Holland},
	Series = {Colloq.Math.Soc.J. Bolyai},
	Title = {A general theory of alebras with quantifiers},
	Volume = 54,
	Year = 1991}

@article{Quack,
	Author = {R. Quackenbush},
	Journal = {Proc.AMS},
	Number = 4,
	Pages = {1015-1021},
	Title = {Completeness theorems for universal and implicational logics of algberas via congruences},
	Volume = 103,
	Year = 1987}

@article{KellyUniv,
	Author = {D. Kelly},
	Journal = {Studia Scientiarum Mathematicarum Hungarica},
	Pages = {347-361},
	Title = {Complete rules of inference for universal sentences},
	Volume = 19,
	Year = 1984}

@techreport{ANS92,
	Author = {H. Andr\'eka and I. Nem\'eti and I. Sain},
	Institution = {University of Amsterdam, {CCSOM} Working Paper},
	Title = {Abstract model theoretic approach to algebraic logic (an overview)},
	Year = 1992}

@article{Makkai97,
	Author = {M. Makkai},
	Ftp = {ftp://triples.math.mcgill.ca/pub/makkai/sketch/},
	Journal = {Journal of Pure and Applied Algebra},
	Pages = {49-79, 179-212, 214-274},
	Title = {Generalized Sketches as a Framework for Completeness Theorems},
	Volume = 115,
	Year = 1997}

@inproceedings{johnsonValue,
	Author = {M. Johnson and C.N.G. Dampney},
	Booktitle = {Algebraic Methodology and Software Technology, AMAST'93},
	Publisher = {Springer},
	Title = {On the value of commutative diagrams in information modeling},
	Year = 1993}

@inproceedings{Johnson92,
	Author = {C.N.G. Dampney and M. Johnson and G.P. Monro},
	Booktitle = {The Unified Computation Laboratory},
	Editor = {C.M. Rattray and R.G. Clarke},
	Publisher = {Oxford University Press},
	Title = {An illustrated mathematical foundation for {ERA}},
	Year = 1992}

@inproceedings{JohnsonTaming,
	Author = {C.N.G. Dampney and P. Deuble and M. Johnson},
	Booktitle = {Complex Systems},
	Editor = {D.G. Green and T. Bossomaier},
	Publisher = {IOS Press},
	Title = {Taming large complex information systems},
	Year = 1993}

@inproceedings{Nelson95,
	Author = {D.A. Nelson and B.N. Rossiter},
	Booktitle = {Proc.of the Moscow ACM Chapter 2nd Int.Worlshop {\em Advances in DataBases and Information Systems, ADBIS'95} (Moscow,Russia)},
	Pages = {247-258},
	Title = {Prototyping a categorical database in {P/FDM}},
	Year = 1995}

@inproceedings{Piessens94,
	Author = {F. Piessens and E. Steegmans},
	Booktitle = {Computer Science Logic'94 {\rm 8th Int.Workshop, CSL'94}},
	Pages = {397-411},
	Series = {Springer Lect.Notes in Comp.Sci},
	Title = {Canonical forms for data specifications},
	Volume = 933,
	Year = 1994}

@inproceedings{JoinsAsPBs,
	Address = {Aigen},
	Author = {S. Alagic and M. Alagic},
	Booktitle = {Foundations of Models and Languages for Data and Objects},
	Pages = {187-196},
	Series = {3rd Int.Workshop},
	Title = {Joins as Pullbacks},
	Year = 1991}

@inproceedings{LellahiSpyratos90,
	Address = {Kiev},
	Author = {S.K. Lellahi and N. Spyratos},
	Booktitle = {Next Generation Information Systems},
	Series = {Springer Lect.Notes in Comp.Sci},
	Title = {Towards a Categorical Data Model Supporting Structured Objects and Inheritance},
	Volume = 504,
	Year = 1990}

@inproceedings{TuiGysPar,
	Address = {Aigen},
	Author = {C. Tuijn and M. Gyssens and J. Paredaens},
	Booktitle = {Foundations of Models and Languages for Data and Objects},
	Pages = {187-196},
	Series = {3rd Int.Workshop},
	Title = {A Categorical Approach to Object-Oriented Data Modeling},
	Year = 1991}

@unpublished{Tui94,
	Author = {C. Tuijn},
	Note = {Ph.D Thesis, Antwerpen},
	Title = {Data modeling from a categorical perspective},
	Year = 1994}

@inproceedings{TuiGys92,
	Author = {C. Tuijn and M. Gyssens},
	Booktitle = {4th Int.Conf. on Database Theory, ICDT'92},
	Pages = {99-112},
	Series = {Springer Lect.Notes in Comp.Sci},
	Title = {Views and decompositions from a categorical perspective},
	Volume = 646,
	Year = 1992}

@inproceedings{BBW92,
	Author = {V. Breazu-Tannen and P. Buneman and L. Wong},
	Booktitle = {4th Int.Conf. on Database Theory, ICDT'92},
	Series = {Springer Lect.Notes in Comp.Sci},
	Title = {Naturally embedded query languages},
	Volume = 646,
	Year = 1992}

@article{BunemanCompr,
	Author = {P. Buneman and L. Libkin and D. Suciu and V. Tanen and L. Wong},
	Journal = {SIGMOD Record},
	Number = 1,
	Pages = {87-96},
	Title = {Comprehension syntax},
	Volume = 23,
	Year = 1994}

@inproceedings{BeeriBulk,
	Author = {C. Beeri and P. Ta-Shma},
	Booktitle = {Proc.Int.Conf.on Database Programming Languages, DBPL'93},
	Title = {Bulk data types. {T}heoretical approach},
	Year = 1993}

@book{Plotkin93,
	Author = {B. Plotkin},
	Publisher = {Kluwer Publ.Co},
	Title = {Universal algebra, {A}lgebraic logic and {D}atabases},
	Year = 1993}

@unpublished{Plotkin96,
	Author = {B. Plotkin},
	Note = {To appear in "Handbook of Algebra in Computer Science" by Kluwer Publ.Co},
	Title = {Categories and databases (a survey)},
	Year = 1996}

@unpublished{IslamPhoa,
	Author = {A. Islam and W. Phoa},
	Note = {Preprint},
	Title = {Categorical models of relational databases I: fibrational formulation, schema integration.},
	Year = 1993}

@article{Vickers92,
	Author = {S. Vickers},
	Journal = {London Math.Society Notes},
	Pages = {288-314},
	Title = {Geometric theories and databases},
	Volume = 177,
	Year = 1992}

@inproceedings{Kal90,
	Author = {L. Kalinichenko},
	Booktitle = {{Advances in Database Technology - EDBT'90}},
	Pages = {92-119},
	Title = {Methods and tools for equivalent data model mapping construction},
	Year = 1990}

@book{TsiLoh,
	Author = {D.C. Tsichritzis and F.H. Lochovsky},
	Publisher = {Prentice-Hall, Englewood Cliffs, N.Y.},
	Title = {Data models},
	Year = 1982}

@inproceedings{Kal78,
	Author = {L. Kalinichenko},
	Booktitle = {{4th Int.Conf. on Very Large Data Bases, VLDB'78}},
	Pages = {549-555},
	Title = {Data model transformation method based on axiomatic data model extension},
	Year = 1978}

@inproceedings{Borkin78,
	Author = {S. Borkin},
	Booktitle = {{4th Int.Conf. on Very Large Data Bases, VLDB'78}},
	Pages = {526-534},
	Title = {Data model equivalence},
	Year = 1978}

@book{KalBook,
	Author = {L. Kalinichenko},
	Publisher = {Nauka Publ.Co.},
	Title = {Methods and tools for integration of heterogeneous databases},
	Year = 1983}

@unpublished{MoggiAbstractView,
	Author = {E. Moggi},
	Note = {Lecture Notes of the course CS359 at Stanford University, Spring Term 1989; manuscript is available by http: /theory.doc.ic.ac.uk/tfm/MoggiE/abs-view.ps.gz},
	Title = {An abstract view of programming languages}}

@article{jpaa,
	Author = {F. Piessens and E. Steegmans},
	Journal = {J. Pure and Applied Algebra},
	Number = 116,
	Pages = {291-322},
	Title = {Proving semantical equivalence of data specifications},
	Year = 1997}

@article{ske-Piessens97,
	Author = {F. Piessens and E. Steegmans},
	Journal = {J. Pure and Applied Algebra},
	Number = 116,
	Pages = {291-322},
	Title = {Proving semantical equivalence of data specifications},
	Year = 1997}

@phdthesis{myphd,
	Author = {Frank Piessens},
	School = {Dept. of Computer Science, Katholieke Universiteit Leuven},
	Title = {Semantic data specifications: an analysis based on a categorical formalization},
	Year = 1996}

@inproceedings{KistaBasis95,
	Author = {L. Ekenberg and P. Johannesson},
	Booktitle = {Information Systems and Data Management, CISMOD'95},
	Series = {Springer Lect.Notes in Comp.Sci},
	Title = {Conflictfreeness as a basis for schema integration},
	Volume = 1006}

@article{Teorey86,
	Author = {T.J. Teorey and D. Yang and J.P. Fry},
	Journal = {ACM Comput. Surv.},
	Number = 2,
	Pages = {197-22},
	Title = {A logical design methodology for relational databases using the extended entity-relationship model},
	Volume = 18,
	Year = 1986}

@article{DH84,
	Author = {U. Dayal and H. Hwang},
	Journal = {IEEE Trans. Software Eng.},
	Number = 6,
	Pages = {628-644},
	Title = {View definition and generalization for database integration of a multibase system},
	Volume = 10,
	Year = 1984}

@article{BLN86,
	Author = {C. Batini and M. Lenzerini and S. Navathe},
	Journal = {ACM Computing Surveys},
	Number = 4,
	Pages = {323-364},
	Title = {A comparitive analysis of methodologies for database schema integration},
	Volume = 18,
	Year = 1986}

@inproceedings{BC86,
	Author = {J. Biscup and B. Convent},
	Booktitle = {{ACM SIGMOD Conf.on Managment of Data}},
	Pages = {398-407},
	Title = {A formal view integration method},
	Year = 1986}

@inproceedings{Maps-Paolini77,
	Author = {P. Paolini and G.Pelagatti},
	Booktitle = {{ACM SIGMOD Conf.on Managment of Data}},
	Pages = {40-46},
	Title = {Formal definition of mapping in a database},
	Year = 1977}

@inproceedings{Convent86,
	Author = {B. Convent},
	Booktitle = {{Int.Conf.on Database Theory, Roma}},
	Pages = {141-156},
	Title = {Unsolvable problems related to the view integration},
	Year = 1986}

@inproceedings{LeeLing95,
	Author = {M.L. Lee and T.W. Ling},
	Booktitle = {Entity-Relationship Approach, ER'95},
	Series = {Springer Lect.Notes in Comp.Sci.},
	Title = {Resolving structural conflicts in the integration of entity-relationship schemas},
	Volume = 1021,
	Year = 1995}

@inproceedings{Santucci93,
	Author = {G. Santucci and C. Batini and G. Battista},
	Booktitle = {12th Int.Conf. ER'93},
	Pages = {327-338},
	Series = {Springer Lect.Notes in Comp.Sci.},
	Title = {Multilevel schema integration},
	Volume = 823,
	Year = 1993}

@inproceedings{Battista89,
	Author = {G. Di Battista and M. Lenzerini},
	Booktitle = {15th Int.Conf. on Very Large Data Bases},
	Pages = {13-21},
	Title = {A deductive method for entity-relationship modeling},
	Year = 1989}

@article{Battista93,
	Author = {G. Di Battista and M. Lenzerini},
	Journal = {IEEE Trans. Knowledge and Data Engineering},
	Number = 3,
	Pages = {439-450},
	Title = {Deductive entity-relationship modeling},
	Volume = 5,
	Year = 1993}

@inproceedings{Franca94,
	Author = {C. Francalanci and B. Pernici},
	Booktitle = {13th Int.Conf. ER'94},
	Pages = {456-473},
	Series = {Springer Lect.Notes in Comp.Sci},
	Title = {Abstraction levels for entity-relationship schemas},
	Volume = 881,
	Year = 1994}

@inproceedings{WHW90,
	Author = {S. Widjojo and R. Hull and D. Wale},
	Booktitle = {4th Int.Workshop on Persistent Object Systems},
	Title = {A specificational approach to merging persistent object bases},
	Year = 1990}

@techreport{WWH90,
	Author = {S. Widjojo and D. Wale and R. Hull},
	Institution = {Univ.Southern California and USC/Information Science Inst.},
	Title = {Worldbase: a new approach to sharing distributed information},
	Year = 90}

@article{Mot87,
	Author = {A. Motro},
	Journal = {IEEE TOSE},
	Number = 7,
	Pages = {785-798},
	Title = {Superviews: {V}irtual Integration of Multiple Databases},
	Volume = 13,
	Year = 1987}

@article{Motro87,
	Author = {A. Motro},
	Journal = {IEEE TOSE},
	Number = 7,
	Pages = {785-798},
	Title = {Superviews: {V}irtual Integration of Multiple Databases},
	Volume = 13,
	Year = 1987}

@article{KimResolving93,
	Author = {W. Kim and I. Choi and S. Gala and M. Scheevel},
	Journal = {Distributed and Parallel Database Journal},
	Number = 3,
	Title = {On resolving schematic heterogeneity in multidatabase systems},
	Volume = 1,
	Year = 1993}

@inproceedings{ParSpa87,
	Author = {C. Parent and S. Spaccapietra},
	Booktitle = {Nested relations and complex objects in Databases},
	Pages = {272-296},
	Series = {Lect.Notes in Comp.Sci},
	Title = {Complex object modeling: an entity relationship approach},
	Volume = 361,
	Year = 1987}

@incollection{PS92,
	Author = {C. Parent and S. Spaccapietra},
	Booktitle = {Conceptual modeling, databases and {CASE}: {A}n integrated view of Information System Development},
	Editor = {P. Loucopolous and R. Zicari},
	Publisher = {John Wiley},
	Title = {{ERC+}: an object-based entity-relationship approach},
	Year = 1992}

@inproceedings{SpaccOO,
	Address = {Klagenfurt},
	Author = {S. Spaccapietra and C. Parent and M. Sunye and K. Yetongton},
	Booktitle = {Object-oriented methods and conceptual modeling},
	Month = {June},
	Series = {GI-Emisa Fachtagung},
	Title = {Object orientation and conceptual modeling},
	Year = 1993}

@inproceedings{Auddino94,
	Author = {A. Auddino},
	Booktitle = {Information modeling and knowledge bases},
	Publisher = {IOS Press},
	Series = {4th Euro-{J}apanese seminar},
	Title = {Formal models of objects and subsystems in an information system framework},
	Year = 1994}

@article{SPD92a,
	Author = {Stefano Spaccapietra and Christine Parent},
	Bibsource = {DBLP, http://dblp.uni-trier.de},
	Ee = {http://doi.ieeecomputersociety.org/10.1109/69.277770},
	Journal = {IEEE Trans. Knowl. Data Eng.},
	Number = {2},
	Pages = {258-274},
	Title = {View Integration: A Step Forward in Solving Structural Conflicts},
	Volume = {6},
	Year = {1994}}

@article{SPD92b,
	Author = {S. Spaccapietra and C. Parent and Y. Dupont},
	Journal = {Very Large Databases Journal},
	Number = 1,
	Title = {Model-Independent Assertions for Integration of Heterogeneous Schemas},
	Volume = 1,
	Year = 1992}

@article{spacca94,
	Author = {Stefano Spaccapietra and Christine Parent},
	Bibsource = {DBLP, http://dblp.uni-trier.de},
	Ee = {http://doi.ieeecomputersociety.org/10.1109/69.277770},
	Journal = {IEEE Trans. Knowl. Data Eng.},
	Number = {2},
	Pages = {258-274},
	Title = {View Integration: A Step Forward in Solving Structural Conflicts},
	Volume = {6},
	Year = {1994}}

@article{Spaccapietra92-modelIndepAssertns--VLDBjournal,
	Author = {S. Spaccapietra and C. Parent and Y. Dupont},
	Journal = {Very Large Databases Journal},
	Number = 1,
	Title = {Model-Independent Assertions for Integration of Heterogeneous Schemas},
	Volume = 1,
	Year = 1992}

@article{SP91,
	Author = {S. Spaccapietra and C. Parent},
	Journal = {ACM SIGMOD Record},
	Number = 4,
	Pages = {49-54},
	Title = {Conflicts and Correspondence Assertions in Interoperable Databases},
	Volume = 20,
	Year = 1991}

@inproceedings{Dupont94,
	Author = {Y. Dupont},
	Booktitle = {Entity-Relationship Approach, ER'94},
	Series = {Springer Lect.Notes in Comp.Sci.},
	Title = {Resolving fragmentation conflicts in schema integration},
	Volume = 881,
	Year = 1994}

@inproceedings{Be92,
	Author = {C. Beeri},
	Booktitle = {PODS'92},
	Pages = {1-15},
	Title = {New data models and languages -- the challenge},
	Year = 1992}

@inproceedings{Hull87,
	Author = {R. Hull},
	Booktitle = {Nested relations and complex objects in Databases},
	Pages = {87-116},
	Series = {Lect.Notes in Comp.Sci},
	Title = {Four Views of Complex Objects: A Sophisticate's Introduction},
	Volume = 361,
	Year = 1987}

@inproceedings{Chen92,
	Address = {Karlsrue, Germany},
	Author = {P.P. Chen},
	Booktitle = {Entity Relationship Modeling, ER'92},
	Pages = {1-2},
	Series = {Proc.14th Int.Conf., Springer LNCS'645},
	Title = {{ER} vs. {OO}},
	Year = 1992}

@article{Chen76,
	Author = {P.P. Chen},
	Journal = {ACM Trans.Database Syst.},
	Number = 1,
	Pages = {9-36},
	Title = {The entity-relationship model -- {T}owards a unified view of data},
	Volume = 1,
	Year = 1976}

@article{Codd79,
	Author = {E.F. Codd},
	Journal = {ACM Trans.Database Syst.},
	Number = 4,
	Pages = {397-434},
	Title = {Extending the database relational model to capture more meaning},
	Volume = 4,
	Year = 1979}

@inproceedings{Liu92,
	Author = {L. Liu},
	Booktitle = {International Conference on Data Engineering, ICDE'92},
	Pages = {116-125},
	Title = {Exploring semantics in aggregation hierarchies for object-oriented databases},
	Year = 1992}

@inproceedings{ABD+89,
	Author = {M. Atkinson and F. Bancilhon and D. DeWitt and K. Ditrich and D. Maier and S. Zdonik},
	Booktitle = {The first Conference on Deductive and Object-Oriented Databases, Kyoto, Japan, 1989},
	Title = {The Object-Oriented Database System Manifesto},
	Year = 1989}

@inproceedings{SRL+90,
	Author = {M. Stonebraker and L. Rowe and B. Lindsay and J. Gray and M. Carey and M. Brodie and P. Bernstein and D. Beech and {(The Committee for Advanced DBMS Function)}},
	Booktitle = {Proc.IFIP WG 2.6 Conf. on Object-Oriented Databases (DS-4)},
	Title = {Third-Generation Data Base System Manifesto},
	Year = 1990}

@techreport{MS93,
	Author = {V. Markowitz and A. Shoshani},
	Institution = {Laurence Berkeley Laboratory},
	Numder = LBL-34932,
	Title = {An overview of the Laurence Berkeley Laboratory extended entity-relationship database tools},
	Year = 1993}

@article{Ab90,
	Author = {S. Abiteboul},
	Journal = {Data and Knowledge engineering},
	Pages = {263-287},
	Title = {Towards a deductive object-oriented database language},
	Volume = 5,
	Year = 1990}

@book{TsiLoh82,
	Author = {D.C. Tsichritzis and F.H. Lochovsky},
	Publisher = {Prentice-Hall, Englewood Cliffs, N.Y.},
	Title = {Data models},
	Year = 1982}

@inproceedings{HS91,
	Author = {A. Heuer and P. Sander},
	Booktitle = {Int.Conf. Mathematical foundations of DBS, Berlin, 1991},
	Pages = {14-28},
	Title = {Classifying object-oriented query results in a class/type lattice},
	Year = 1991}

@techreport{KP76,
	Author = {L. Kerschberg and J.E.S. Pacheko},
	Institution = {Pontificia Univ. Catolica do Rio-de-Janeiro},
	Title = {A functional database model},
	Year = 1976}

@article{Shipman81,
	Author = {D. Shipman},
	Journal = {ACM TODS},
	Number = 1,
	Pages = {140-173},
	Title = {The functional data model and the data language {DAPLEX}},
	Volume = 6,
	Year = 1981}

@article{FDM,
	Author = {D. Shipman},
	Journal = {ACM TODS},
	Number = 1,
	Pages = {140-173},
	Title = {The functional data model and the data language {DAPLEX}},
	Volume = 6,
	Year = 1981}

@article{Hammer81,
	Author = {M. Hammer and D. Mc{L}eod},
	Journal = {ACM Trans.Database Syst.},
	Number = 3,
	Pages = {351-386},
	Title = {Database description with {SDM}: {A} semantic database model},
	Volume = 6,
	Year = 1981}

@article{LNE89,
	Author = {J.A. Larson and S.B. Navathe and R. Elmasri},
	Journal = {IEEE Trans. Software Eng.},
	Number = 4,
	Title = {A theory of attribute equivalence in databases with application to schema integration},
	Volume = 15,
	Year = 1989}

@techreport{KLW93,
	Author = {M. Kifer and G. Lausen and J. Wu},
	Institution = {SUNY at Stony Brook},
	Title = {Logical foundations of object-oriented and frame-based languages},
	Year = 1993}

@article{Kifer95,
	Author = {M. Kifer and G. Lausen and J. Wu},
	Journal = {Journal {ACM}},
	Number = 4,
	Pages = {741-843},
	Title = {Logical foundations of object-oriented and frame-based languages},
	Volume = 42,
	Year = 1995}

@article{SL90,
	Author = {A. Sneth and C. Larson},
	Journal = {ACM Computing Surveys},
	Title = {Federated Database systems for Managing Distributed, Heterogeneous, and Autonomous Databases},
	Year = 1990}

@article{Ait86,
	Author = {H. Ait-Kaci},
	Journal = {Theoretical Computer Science},
	Pages = {293-351},
	Title = {An algebraic semantics approach to the effective resolution of type equations},
	Volume = 45,
	Year = 1986}

@inproceedings{BDK92,
	Author = {P. Buneman and S. Davidson and A. Kosky},
	Booktitle = {Advances in Database Technology - EDBT'92},
	Series = {Springer LNCS \# 580},
	Title = {Theoretical aspects of schema merging},
	Year = {1992}}

@inproceedings{Nav92,
	Author = {S. Navathe},
	Booktitle = {Entity Relationship modeling, ER'92},
	Number = 645,
	Series = {Springer LNCS'645},
	Title = {The next ten years of modeling, methodologies and tools},
	Year = 1992}

@inproceedings{Na92,
	Author = {S. Navathe},
	Booktitle = {Entity Relationship modeling, ER'92},
	Number = 645,
	Series = {Springer LNCS'645},
	Title = {The next ten years of modeling, methodologies and tools},
	Year = 1992}

@book{Thalheim93,
	Author = {B. Thalheim},
	Publisher = {Springer, {H}eidelberg},
	Title = {Fundamentals of the entity-relationship model},
	Year = 1993}

@book{BCNav92,
	Author = {C. Batini and S. Ceri and S. Navathe},
	Publisher = {Benjamin Cummings},
	Title = {Conceptual database design: an Entity Relationship Approach},
	Year = 1992}

@article{HK87,
	Author = {R. Hull and R. King},
	Journal = {ACM Computing Surveys},
	Number = 3,
	Pages = {201-260},
	Title = {Semantic database modeling: Survey, applications and research issues},
	Volume = 19,
	Year = 1987}

@article{Oho90,
	Author = {A. Ohori},
	Journal = {Theoretical Computer Science},
	Pages = {53-91},
	Title = {Semantics of types for database objects},
	Volume = 76,
	Year = 1990}

@inproceedings{Femus92,
	Author = {K. Yetongnon and M. Andersson and Y. Dupont and S. Spaccapietra and H-J. Schek and M. Scholl and M. Tresch},
	Booktitle = {Semantics of interoperable database systems, IFIP DS-5},
	Title = {The {FEMUS} Experience},
	Year = 1992}

@article{West93,
	Author = {P. Drew and R. King and D. McLeod and M. Rusinkiewicz and A. Silberschatz},
	Journal = {SIGMOD Record},
	Number = 3,
	Pages = {47-56},
	Title = {Report on the workshop on semantic heterogeneity and interoperation in multidatabase systems},
	Volume = 22,
	Year = 1993}

@article{Drew93,
	Author = {P. Drew and R. King and D. McLeod and M. Rusinkiewicz and A. Silberschatz},
	Journal = {SIGMOD Record},
	Number = 3,
	Pages = {47-56},
	Title = {Report on the workshop on semantic heterogeneity and interoperation in multidatabase systems},
	Volume = 22,
	Year = 1993}

@article{AH88,
	Author = {S. Abiteboul and R. Hull},
	Journal = {Theoretical Computer Science},
	Pages = {3-38},
	Title = {Restructuring hierarchical database objects},
	Volume = 62,
	Year = 1988}

@article{AH87,
	Author = {S. Abiteboul and R. Hull},
	Journal = {ACM TODS},
	Number = 4,
	Pages = {525-565},
	Title = {{IFO}: a formal semantic database model},
	Volume = 12,
	Year = 1987}

@article{Kent91,
	Author = {W. Kent},
	Journal = {{ACM SIGMOD} {R}ecord},
	Number = 4,
	Title = {The breakdown of the information model in multi-database systems},
	Volume = 20,
	Year = 1991}

@article{Vossen95,
	Author = {G. Vossen},
	Journal = {OOPS Messenger},
	Number = 3,
	Pages = {1-19},
	Title = {On formal models for Object-Oriented Databases},
	Volume = 6,
	Year = 1995}

@article{Direct,
	Author = {U. Merz and R. King},
	Journal = {{ACM} Transactions on information systems},
	Number = 4,
	Pages = {339-359},
	Title = {{DIRECT}: A query facility for multiple databases},
	Volume = 12,
	Year = 1994}

@inproceedings{Mend90,
	Author = {P. Consens and A. Mendelson},
	Booktitle = {1990 ACM Symposium on Principles of database systems},
	Pages = {404-416},
	Title = {GraphLog: a visual formalism for real life recursion},
	Year = 1994}

@inproceedings{GPG90b,
	Author = {M. Gyssens and J. Paredaens and D. Van Gutch},
	Booktitle = {1990 ACM SIGMOD Int.Conf.Management of Data},
	Pages = {24-33},
	Title = {A graph-oriented object model for database end-user interfaces},
	Year = 1990}

@inproceedings{GPG90a,
	Author = {M. Gyssens and J. Paredaens and D. Van Gutch},
	Booktitle = {1990 ACM Symposium on Principles of Database Systems},
	Pages = {417-424},
	Title = {A graph-oriented object database model},
	Year = 1990}

@inproceedings{BusscheExpressive,
	Author = {J. Van den Bussche and J. Paredaens},
	Booktitle = {1991 ACM Symposium on Principles of Database Systems},
	Pages = {291-299},
	Title = {The expressive power of structured values in pure OODB's},
	Year = 1991}

@inproceedings{ParedaensGLog,
	Author = {J. Paredaens and P. Peelman and L. Tanca},
	Booktitle = {Int.Conf.DOOD'91},
	Pages = {108-128},
	Series = {Springer LNCS'566},
	Title = {{G-Log: A} declarative graphical query language},
	Year = 1991}

@inproceedings{BGAG92,
	Author = {J. {V}an den {B}ussche and D. Van Gutch and M. Andries and M. Gyssens},
	Booktitle = {33rd Symposium on Foundations of Computer Science},
	Pages = {372-379},
	Title = {On the completeness of object-creating query languages},
	Year = 1992}

@inproceedings{AK89,
	Author = {S. Abiteboul and P. Kanellakis},
	Booktitle = {1989 ACM SIGMOD Int.Conf.Management of Data},
	Pages = {159-173},
	Title = {Object identity as a query language primitive},
	Year = 1989}

@article{BunemanComprehension,
	Author = {P. Buneman and L. Libkin and D. Suciu and V. Tanen and L. Wong},
	Journal = {SIGMOD Record},
	Number = 1,
	Pages = {87-96},
	Title = {Comprehension syntax},
	Volume = 23,
	Year = 1994}

@inproceedings{TannenStructural,
	Author = {V. Breazu-{T}annen and P. Buneman and S. Naqvi},
	Booktitle = {3rd Int.Workshop DBPL'91},
	Pages = {9-19},
	Title = {Structural recursion as a query language},
	Year = 1991}

@inproceedings{TannenNaturally,
	Author = {V. Breazu-{T}annen and P. Buneman and L. Wong},
	Booktitle = {Int.Conf.ICDT'92},
	Pages = {140-154},
	Series = {Springer LNCS'646},
	Title = {Naturally embedded query languages},
	Year = 1992}

@inproceedings{TSIMMIS,
	Address = {Naharia (Israel)},
	Author = {H. Garsia-Molina and Y. Papakonstantinou and D. Quass and A. Rajaraman and Y. Sagiv and J. Ullman and J. Widom},
	Booktitle = {Next Generation of Information Technologies and Systems, NGITS'95},
	Pages = {185-193},
	Series = {2nd Int.Workshop},
	Title = {The {TSIMMIS} approach to mediation: {D}ata models and languages},
	Year = 1995}

@article{survey,
	Author = {E. Pitoura and O. Bukhres and A. Elmagarmid},
	Journal = {{ACM} computing surveys},
	Number = 2,
	Pages = {141-195},
	Title = {Object orientation in multidatabase systems},
	Volume = 27,
	Year = 1995}

@inproceedings{AbiBon,
	Author = {S. Abiteboul and A. Bonner},
	Booktitle = {Proc.{ACM SIGMOD} Conf. on Management of Data},
	Pages = {238-247},
	Title = {Objects and views},
	Year = 1991}

@inproceedings{Viewsystem,
	Author = {M.Kaul and K. Drosten and E. Neuhold},
	Booktitle = {Proc.6th Int.{IEEE} Conf. on Data Engineering ({ICDE})},
	Title = {Viewsystem: {I}ntegrating heterogeneous information bases by object-orientred views},
	Year = 1990}

@proceedings{ADBIS95Book,
	Address = {Moscow(Russia)},
	Editor = {J. Bubenko and L. Kalinichenko and Yu. Zhuravlev},
	Series = {Proc.2nd Int.Worlshop, Moscow ACM Chapter},
	Title = {Advances in DataBases and Information Systems, ADBIS'95},
	Year = 1995}

@article{Papazoglou95,
	Author = {M.P. Papazoglou},
	Journal = {Communications {ACM}},
	Number = 9,
	Pages = {80-95},
	Title = {Unravelling the semantics of conceptual schemas},
	Volume = 38,
	Year = 1995}

@article{Batini93,
	Author = {C. Batini and G. Battista and G. Santucci},
	Journal = {{IEEE} Trans.Soft.Engineering},
	Number = 4,
	Pages = {344-365},
	Title = {Structuring primitives for a dictionary of entity relationship data schemas},
	Volume = 19,
	Year = 1993}

@article{Petre95,
	Author = {M. Petre},
	Journal = {Communications {ACM}},
	Number = 6,
	Pages = {33-44},
	Title = {Why looking isn't always seeing: {R}eadership skills and graphical programming},
	Volume = 38,
	Year = 1995}

@inproceedings{Mumick95,
	Author = {I.S. Mumick},
	Booktitle = {6th Int.Conf.CISMOD'95},
	Pages = {258-264},
	Series = {Springer LNCS'1006},
	Title = {The rejuvenation of materialized views},
	Year = 1995}

@inproceedings{TS94,
	Address = {Austin, Texas},
	Author = {M. Tresh and M. Scholl},
	Booktitle = {Parallel and Distributed Information Systems ({PDIS'94})},
	Series = {3rd Int.Conf.},
	Title = {A classification of multi-database languages},
	Year = 1994}

@inproceedings{RS94,
	Address = {Austin, Texas},
	Author = {E. Radeke and M. Scholl},
	Booktitle = {Parallel and Distributed Information Systems ({PDIS'94})},
	Series = {3rd Int.Conf.},
	Title = {Framework for object migration in federated database systems},
	Year = 1994}

@inproceedings{SLT91,
	Author = {M. Scholl and C. Laasch and M. Tresch},
	Booktitle = {2nd Int.Conf.DOOD'91},
	Pages = {189-207},
	Series = {Springer LNCS'566},
	Title = {Updatable Views in Object-Oriented Databases},
	Year = 1991}

@inproceedings{Hegner91,
	Author = {S.J. Hegner},
	Booktitle = {3rd Symp.MFDBS'91},
	Pages = {243-257},
	Series = {Springer LNCS'495},
	Title = {Pairwise-Definable Subdirect decomposition of general database schemata},
	Year = 1991}

@inproceedings{PrinciplesQL,
	Address = {Kaiserslautern},
	Author = {A. Heuer and M. Scholl},
	Booktitle = {Database systems for Office, Scientific and Engineering Applications},
	Pages = {178-197},
	Publisher = {Springer},
	Title = {Priciples of Object-Oriented Query Languages},
	Year = 1991}

@inproceedings{SST92,
	Author = {M.H. Scholl and H.-J. Schek and M. Tresch},
	Booktitle = {Int.Workshop on Distributed Object Management, Edmonton, Canada},
	Title = {Object algebra and views for object bases},
	Year = 1992}

@inproceedings{AgrawalTypeDer,
	Author = {R. Agrawal and L. G. DeMichiel},
	Booktitle = {Int.Conf. EDBT'94},
	Pages = {7-14},
	Series = {Springer, LNCS'779},
	Title = {Type derivation using the projection operation},
	Year = 1994}

@article{Beeri90,
	Author = {C. Beeri},
	Journal = {Data \& Knowledge Engineering},
	Pages = {353-382},
	Title = {A formal approach to object-oriented databases},
	Volume = 5,
	Year = 1990}

@inproceedings{KCopeland86,
	Author = {S.N. Khoshafian and G.P. Copeland},
	Booktitle = {{ACM SIGPLAN} Conference OOPSLA'86},
	Pages = {406-415},
	Publisher = {{ACM} Press},
	Title = {Object Identity},
	Year = 1986}

@booklet{Korpor96,
	Address = {Moscow},
	Howpublished = {Technical report},
	Month = {March},
	Title = {Cooperative databases (Conference Procedings, in Russian)},
	Year = 1996}

@inproceedings{Halpin91,
	Author = {T. Halpin},
	Booktitle = {3rd Symp.MFDBS'91},
	Pages = {342-356},
	Series = {Springer LNCS'495},
	Title = {A fact oriented approach to schema transformation},
	Year = 1991}

@inproceedings{RumbaughRelSem,
	Author = {J. Rumbaugh},
	Booktitle = {ACM Conf. OOPSLA'87},
	Series = {SIGPLAN Not. 22, 12},
	Title = {Relations as semantic construct in an object-oriented language},
	Year = 1987}

@article{RumbaughDBDesign,
	Author = {M. Blaha and W. Premerlani and J. Rumbaugh},
	Journal = {Communications of the ACM},
	Number = 4,
	Pages = {414-427},
	Title = {Relational database design using an object-oriented methodology},
	Volume = 31,
	Year = 1988}

@article{Gogolla91,
	Author = {M. Gogolla and U. Hohenstein},
	Journal = {ACM Trans.Database Systems},
	Number = 3,
	Pages = {369-416},
	Title = {Towards a semantic view of an extended entity-relationship model},
	Volume = 16,
	Year = 1991}

@inproceedings{Lano98,
	Author = {K. Lano and J. Bicarregui},
	Booktitle = {Second ECOOP Workshop on Precise Behavioral Semantics (with an Emphasis on OO Business Specifications)},
	Editor = {H. Kilov and B. Rumpe},
	Series = {TUM-I9813, Technische Universitaet Muenchen},
	Title = {Formalising the {UML} in Structured Temporal Theories},
	Year = 1998}

@inproceedings{Wieringa98,
	Author = {R. Wieringa},
	Booktitle = {Second ECOOP Workshop on Precise Behavioral Semantics (with an Emphasis on OO Business Specifications)},
	Editor = {H. Kilov and B. Rumpe},
	Series = {TUM-I9813, Technische Universitaet Muenchen},
	Title = {Formalising the UML in a Systems engineering Approach},
	Year = 1998}

@inproceedings{Wieringa94,
	Author = {R. Wieringa and W. {de} Jonge and P. Spruit},
	Booktitle = {European Conference on Object-Oriented Programming, ECOOP'94},
	Series = {Springer LNCS},
	Title = {Roles and dynamic subclasses: a modal logic approach},
	Year = 1994}

@article{NavatheEvolution,
	Author = {S. Navathe},
	Journal = {Communications of the ACM},
	Number = 9,
	Pages = {112-23},
	Title = {Evolution of data modeling for databases},
	Volume = 35,
	Year = 1996}

@inproceedings{MokraneOODB,
	Author = {M. Bouzeghoub and E. Metais},
	Booktitle = {17th Int.Conf.on Very Large Data Bases, VLDB'91},
	Pages = {3-14},
	Title = {Semantic modeling of object oriented databases},
	Year = 1991}

@inproceedings{Biskup95,
	Address = {Moscow, Russia},
	Author = {J. Biskup and R. Menzel and T. Poll\e},
	Booktitle = {Advances in Databases and Information Systems},
	Pages = {67-78},
	Series = {Int.Workshop},
	Title = {Transforming an entity-relationship schema into object-oriented database schemas},
	Year = 1995}

@inproceedings{DeepEq,
	Author = {S. Abiteboul and J. Van den Bussche},
	Booktitle = {Int.Conf. on Deductive and Object Orientred Databases, DOOD'95},
	Pages = {213-228},
	Series = {Springer LNCS'1013},
	Title = {Deep equality revisited},
	Year = 1995}

@inproceedings{Atzeni96,
	Author = {P. Atzeni and R. Torlone},
	Booktitle = {Advances in Database Technology -- EDBT'96},
	Pages = {79-95},
	Series = {5th Int.Conf. on Extending Database Technology, Springer LNCS'1057},
	Title = {Management of multiple models in an extensible database design tool},
	Year = 1996}

@inproceedings{AtzeniCBernstein06,
	Author = {Paolo Atzeni and Paolo Cappellari and Philip A. Bernstein},
	Booktitle = {EDBT},
	Pages = {368-385},
	Title = {Model-Independent Schema and Data Translation.},
	Year = {2006}}

@inproceedings{AtzeniCBernstein05-1pageDemo,
	Author = {Paolo Atzeni and Paolo Cappellari and Philip A. Bernstein},
	Booktitle = {ICDE},
	Pages = {1111-1112},
	Title = {ModelGen: Model Independent Schema Translation.},
	Year = {2005}}

@inproceedings{Atzeni06,
	Author = {Paolo Atzeni},
	Bibsource = {DBLP, http://dblp.uni-trier.de},
	Booktitle = {ICDE},
	Crossref = {DBLP:conf/icde/2006},
	Ee = {http://doi.ieeecomputersociety.org/10.1109/ICDE.2006.134},
	Pages = {103},
	Title = {Schema and Data Translation.},
	Year = {2006}}

@inproceedings{Kosky95,
	Address = {(Gubbio, Italy)},
	Author = {A. Kosky},
	Booktitle = {Database Programing Languages},
	Series = {5th Int.Conf.},
	Title = {Observational distinguishability of databases with object identity},
	Year = 1995}

@inproceedings{GogollaOId,
	Author = {M. Gogolla},
	Booktitle = {14th Int.Conf. on Entity-Relationship Modeling, ER'95},
	Pages = {65-76},
	Series = {Springer LNCS'1021},
	Title = {A declarative query approach to object identification},
	Year = 1995}

@inproceedings{Norrie93,
	Author = {M. Norrie},
	Booktitle = {12th Int.Conf. on Entity-Relationship Modeling, ER'95},
	Pages = {390-401},
	Series = {Springer LNCS'823},
	Title = {An extended entity-relationship approach to data management in object-oriented systems},
	Year = 1993}

@inproceedings{OOvsDed,
	Author = {J. Ullman},
	Booktitle = {Deductive and object-oriented databases, DOOD'91},
	Pages = {265-277},
	Series = {Springer LNCS'566},
	Title = {A comparison between deductive and object-oriented database systems},
	Year = 1991}

@article{Stone94,
	Author = {M. Stonebraker},
	Journal = {Otkrytye sistemy (in Russian)},
	Pages = {43-49},
	Title = {Object-relational database systems},
	Volume = 4,
	Year = 1994}

@incollection{GoguenNotation,
	Author = {J. Goguen},
	Booktitle = {TOOLS 10: Technology of Object-Oriented Languages and Systems},
	Editors = {B. Magnusson and B. Meyer and {J-F}. Perrot},
	Publisher = {Prentice-Hall},
	Title = {On notation},
	Year = 1993}

@incollection{GoguenREasRecon,
	Author = {J. Goguen},
	Booktitle = {Requirements Engineering: Social and Technical Issues},
	Editors = {M. Jirotka and J. Goguen},
	Publisher = {Academic},
	Title = {Requirements engineering as the reconciliation of social and technical issues},
	Year = 1994}

@inproceedings{GoguenFormality,
	Author = {J. Goguen},
	Booktitle = {Requirement engineering, 4th Int. Conference},
	Note = {(keynote address)},
	Pages = {102-108},
	Publisher = {IEEE Computer Society},
	Title = {Formality and Informality in requirement engineering},
	Year = 1996}

@article{GoguenSheaf,
	Author = {J. Goguen},
	Journal = {Math. Structures in Comp. Science},
	Pages = {159-191},
	Title = {Sheaf semantics for concurrent interacting objects},
	Volume = 2,
	Year = 1992}

@misc{GoguenPersonal98,
	Author = {J. Goguen},
	Title = {Personal letter},
	Year = 1998}

@article{JacobsReasoning,
	Author = {B. Jacobs},
	Journal = {Electr. Notes in Comp. Sci.},
	Title = {Coalgebraic Reasoning about Classes in Object-Oriented Languages},
	Volume = 11,
	Year = 1998}

@book{UMLGuide,
	Author = {G. Booch and I. Jacobson and J. Rumbaugh},
	Publisher = {Addison-{W}esley},
	Title = {The {U}nified {M}odeling {L}anguage user guide},
	Year = 1999}

@book{UMLmanual99,
	Author = {J. Rumbaugh and I. Jacobson and G. Booch},
	Publisher = {Addison-{W}esley},
	Title = {The {U}nified {M}odeling {L}anguage Reference Manual},
	Year = 1999}

@book{UMLmanual05,
	Author = {J. Rumbaugh and I. Jacobson and G. Booch},
	Publisher = {Addison-{W}esley},
	Title = {The {U}nified {M}odeling {L}anguage Reference Manual. {Second Edition.}},
	Year = 2004}

@book{UMLdistilled99,
	Author = {M. Fowler and K. Scott},
	Publisher = {Addison-{W}esley},
	Title = {{UML} distilled},
	Year = 1999}

@book{OCLmanual00,
	Author = {J. Warmer and A. Kleppe},
	Publisher = {Addison-{W}esley},
	Title = {{The Object Constraint Language. Precise modeling with UML}},
	Year = 2000}

@book{UMLManual,
	Author = {J. Rumbaugh and I. Jacobson and G. Booch},
	Publisher = {Addison-{W}esley},
	Title = {The {U}nified {M}odeling {L}anguage Reference Manual},
	Year = 2004}

@incollection{ecoop98reader,
	Author = {H. Kilov and B. Rumpe},
	Booktitle = {The Europian Conference on Object-Oriented Programming, {ECOOP'98}},
	Publisher = {Springer},
	Series = {LNCS No.1543},
	Title = {Overview of the {S}econd {ECOOP} {W}orkshop on {P}recise behavioral semantics (with an {E}mphasis on {OO} business specifications},
	Year = 1998}

@incollection{Kent99,
	Author = {S. Kent and A. Evans and B. Rumpe},
	Booktitle = {The Europian Conference on Object-Oriented Programming, {ECOOP'99}. Workshop Reader},
	Publisher = {Springer},
	Title = {{UML} Semantics {FAQ}},
	Year = 1999}

@book{key2suc,
	Author = {H. Kilov},
	Publisher = {Prentice Hall {PTR}},
	Title = {Business specifications. The key to successful software engineering},
	Year = 1999}

@incollection{BarwEtchHgsReason98,
	Author = {J. Barwise and J. Etchemendy},
	Booktitle = {Theoretical Aspects of Rationality and Knowledge},
	Editors = {I. Gilboa},
	Pages = {1-27},
	Publisher = {Morgan Kaufmann},
	Title = {A Computational Architecture for Heterogeneous Reasoning},
	Year = 1998}

@book{Coalgebra99,
	Editor = {B. Jacobs and J. Rutten},
	Note = {{Available from URL: {\tt http://www.elsevier.nl/locate/entcs/volume19.html}}},
	Publisher = {{Elsevier, Amsterdam}},
	Series = {{Number 19 in Electr.Notes in Theor.Comp.Sci.}},
	Title = {Coalgebraic {M}ethods in {C}omputer {S}cience},
	Year = 1999}

@inproceedings{GoguenRosu99,
	Author = {J. Goguen and G. Ro\c{s}u},
	Booktitle = {Formal methods, {FM}'99},
	Pages = {1704-1719},
	Series = {Springer Lect.Notes in Comp.Sci.},
	Title = {Hiding more of hidden algebra},
	Volume = {1709},
	Year = 1999}

@inproceedings{GoguenAlgSemiotics,
	Author = {J. Goguen},
	Booktitle = {{Computation for Metaphors, Analogy and Agents}},
	Editor = {C. Nehaniv},
	Note = {The latest version is available at {\tt http://ww-cse.ucsd.edu/users/goguen}},
	Pages = {II: 54-79},
	Publisher = {Univertsity of Aizu},
	Title = {An introduction to algebraic semiotics, with applications to user interface design},
	Year = 1998}

@article{alloy2002,
	Author = {D. Jackson},
	Journal = {{ACM Transactions on Software Engineering and Methodology (TOSEM)}},
	Number = 2,
	Pp = {256-290},
	Title = {{Alloy: A Lightweight Object Modelling Notation}},
	Volume = 11,
	Year = 2002}

@article{dataExchange-in-TCS-2005,
	Author = {R. Fagin and P. Kolaitis and R. Miller and L. Popa},
	Journal = {Theoretical Computer Science},
	Number = 1,
	Pp = {89-124},
	Title = {Data exchange: semantics and query answering},
	Volume = 336,
	Year = 2005}

@unpublished{Brodsky00,
	Author = {S. Brodsky and A. Clark and S. Cook and A. Evans and S. Kent},
	Note = {Available at http://www.puml.org/mmt.zip},
	Title = {A feasability study in Rearchitecturing {UML} as a familty of Languages Using a precise {OO} Meta-Modeling Approach},
	Year = 2000}

@manual{UMLsuperstruct05,
	Address = {{\tt http://www.uml.org}},
	Organization = {Object Management Group},
	Title = {{Unified Modeling Language: Superstructure. version 2.0. Formal/05-07-04}},
	Year = 2005}

@manual{MOFsite,
	Address = {{\tt http://www.omg.org/technology/documents}},
	Organization = {{OMG}},
	Title = {Meta Object Facility {(MOF)} Specification, Version 1.4},
	Year = 2002}

@manual{OCLsite,
	Address = {{\tt http://www.omg.org/technology/documents/}},
	Organization = {{OMG}},
	Title = {OCL Document Set},
	Year = 2004}

@manual{RMODPsite,
	Note = {http://www.dstc.com/Research/Projects/ODP/ref\_model.html},
	Title = {{RM-ODP} {S}tandards}}

@manual{ASMwebPage,
	Note = {http://www.eecs.umich.edu/gasm/intro.html},
	Title = {{Abstract State Machine Project}}}

@article{TuijnGyssens96,
	Author = {C. Tuijn and M. Gyssens},
	Journal = {Theoretical Comp. Sci.},
	Number = 160,
	Pages = {217-239},
	Title = {{CGOOD}, a categorical graph-oriented object data model},
	Year = 1996}

@article{GOODoverview92,
	Author = {J. Paredaes and J. {V}an den Bussche and M. Andries and M. Gemis and M. Gyssens and I. Thyssens and D. {V}an Gucht and V. Sarathy and L. Saxton},
	Journal = {{SIGMOD Record}},
	Number = 1,
	Pages = {49-53},
	Title = {An overview of {GOOD}},
	Volume = 21,
	Year = 1996}

@article{GLog95,
	Author = {Jan Paredaens and Peter Peelman and Letizia Tanca},
	Bibsource = {DBLP, http://dblp.uni-trier.de},
	Journal = {TKDE},
	Number = {3},
	Pages = {436-453},
	Title = {G-Log: A Graph-Based Query Language},
	Volume = {7},
	Year = {1995}}

@inproceedings{DBLP:conf/pods/ConsensM90,
	Author = {Mariano P. Consens and Alberto O. Mendelzon},
	Bibsource = {DBLP, http://dblp.uni-trier.de},
	Booktitle = {Proceedings of the Ninth ACM SIGACT-SIGMOD-SIGART Symposium on Principles of Database Systems, April 2-4, 1990, Nashville, Tennessee},
	Crossref = {DBLP:conf/pods/90},
	Isbn = {0-89791-352-3},
	Pages = {404-416},
	Publisher = {ACM Press},
	Title = {GraphLog: a Visual Formalism for Real Life Recursion},
	Year = {1990}}

@inproceedings{goguen78ADTorigin,
	Author = {J. Goguen and J. Thatcher and E. Wagner},
	Booktitle = {Current trends in programming methodology},
	Editor = {R. Yeh},
	Pages = {80-149},
	Publisher = {Prentice Hall},
	Title = {An initial algebra approach to the specification, correctness and implementation of abstract data types},
	Year = 1978}

@article{johnsonERSke,
	Author = {M. Johnson and R. Rosebrugh and R. Wood},
	Journal = {Theory and Applications of Categories},
	Number = 3,
	Pages = {94-112},
	Title = {Entity-relationship-attribute designs and sketches},
	Volume = 10,
	Year = 2002}

@article{Hofstede97,
	Author = {A. ter Hofstede and E. Lippe and Th. Van der Weide},
	Journal = {{Acta Informatica}},
	Number = {12},
	Pages = {927-963},
	Title = {Applications of a categorical framework for conceptual data modelling},
	Volume = {34},
	Year = {1997}}

@article{Bernstein00-vision,
	Author = {P. Bernstein and A. Halevy and R. Pottinger},
	Journal = {{SIGMOD R}ecord},
	Number = {4},
	Pages = {55-63},
	Title = {A vision for management of complex models},
	Volume = {29},
	Year = {2000}}

@inproceedings{Bernstein00-panel,
	Author = {P. Bernstein},
	Booktitle = {{Proc. 26th Int.Conf. on Very Large Databases, VLDB'2000}},
	Title = {Panel: {I}s generic model management feasible?},
	Year = {2000}}

@inproceedings{bernstein03,
	Author = {Philip A. Bernstein},
	Bibsource = {DBLP, http://dblp.uni-trier.de},
	Booktitle = {CIDR},
	Ee = {http://www-db.cs.wisc.edu/cidr/cidr2003/program/p19.pdf},
	Title = {Applying Model Management to Classical Meta Data Problems},
	Year = {2003}}

@article{UMLinCACMbyMiller,
	Author = {J. Miller, {Guest Editor}},
	Journal = CACM,
	Number = {11},
	Pages = {67-85},
	Title = {Panel: What {UML} should be},
	Volume = {45},
	Year = {2002}}

@article{UMLinCACMbyKobryn,
	Author = {C. Kobryn},
	Journal = CACM,
	Number = {1},
	Pages = {107-110},
	Title = {Will {UML} 2.0 be agile or awkward?},
	Volume = {45},
	Year = {2002}}

@inproceedings{DammUML2001,
	Author = {W. Damm},
	Booktitle = {<<UML>>2001 -- The {U}nified {M}odeling {L}anguage},
	Editor = {M. Gogolla and Cris Kobryn},
	Pages = {240},
	Series = {Springer Lect.Notes in Comp.Sci.},
	Title = {Understanding {UML} -- Pains and Rewards},
	Volume = {2185},
	Year = 2001}

@inproceedings{jacobs98coalgVSoo,
	Author = {B. Jacobs},
	Booktitle = {%Coalgebraic methods in computer science. Electronic Notes in Theoretical Computer Science},
	Editor = {B. Jacobs, L. Moss, H. Reichel and J. Rutten},
	Publisher = {Elsevier Science Publishers},
	Title = {Coalgebraic Reasoning about Classes in Object-Oriented Languages},
	Volume = {11},
	Year = {1998}}

@article{JacobsRutten97,
	Author = {B. Jacobs and J. Rutten},
	Journal = {{EATCS} Bulletin},
	Pages = {222-259},
	Title = {A tutorial on (co)algebra and (co)induction},
	Volume = 62,
	Year = 1997}

@inproceedings{CSPviaCoalg99,
	Author = {U. Wolter},
	Booktitle = {%Coalgebraic methods in computer science. Electronic Notes in Theoretical Computer Science},
	Editor = {B. Jacobs and J. Rutten},
	Publisher = {Elsevier Science Publishers},
	Title = {A coalgebraic Introduction to {CSP}},
	Volume = {19},
	Year = {1999}}

@inproceedings{france99,
	Author = {R. France},
	Booktitle = {{ACM SIGPLAN Conference OOPSLA'99}},
	Editor = {L. Meissner},
	Pages = {57-69},
	Publisher = {{ACM} Press},
	Title = {A problem-orineted analysis of basic {UML} static modeling concepts},
	Year = 1999}

@inproceedings{MultiesForAssUML2001full,
	Author = {G. G\'enova and J. Llorens and P. Mart\'\i nez},
	Booktitle = {{UML'2001, 4th Int.Conference}},
	Editor = {M. Gogolla and C. Kobryn},
	Pages = {329-341},
	Publisher = {Springer},
	Series = {LNCS},
	Title = {Semantics of the minimum multiplicity in ternary associations in {UML}},
	Volume = {2185},
	Year = {2001}}

@inproceedings{MultiesForAssUML2001,
	Author = {G. G\'enova and J. Llorens and P. Mart\'\i nez},
	Booktitle = {\cite{DBLP:conf/uml/2001}},
	Pages = {329-341},
	Title = {Semantics of the minimum multiplicity in ternary associations in {UML}},
	Year = 2001}

@article{assByStevens,
	Author = {P. Stevens},
	Journal = {Software and Systems Modeling},
	Number = 1,
	Title = {On the Interpretation of Binary Associations in the Unified Modeling Language},
	Volume = l,
	Year = 2002}

@article{assByGenova,
	Auhtor = {G. G\'enova and J. Llorens and J. Fuentes},
	Journal = {{J.of Object Technology}},
	Number = 7,
	Title = {{UML associations: A structural and contextual view}},
	Volume = 3,
	Year = 2004}

@article{relshipByWand,
	Author = {Y. Wand and V. Storey and R. Weber},
	Journal = {{ACM} {TODS}},
	Number = 4,
	Pages = {494-528},
	Title = {An ontological analysis of the relationship construct in conceptual modeling},
	Volume = 24,
	Year = 1999}

@article{Poll2000,
	Author = {E. Poll},
	Journal = {Electronic Notes in TCS},
	Publisher = {Elsevier Science},
	Title = {Coalgebraic semantics of subtyping},
	Volume = 33,
	Year = 2000}

@proceedings{DBLP:conf/uml/2001,
	Bibsource = {DBLP, http://dblp.uni-trier.de},
	Booktitle = {UML},
	Editor = {Martin Gogolla and Cris Kobryn},
	Isbn = {3-540-42667-1},
	Publisher = {Springer},
	Series = {Lecture Notes in Computer Science},
	Title = {UML 2001 - The Unified Modeling Language, Modeling Languages, Concepts, and Tools, 4th International Conference, Toronto, Canada, October 1-5, 2001, Proceedings},
	Volume = {2185},
	Year = {2001}}

@inproceedings{metaModEvans01,
	Author = {J. \'Alvarez and A. Evans and P. Sammut},
	Booktitle = {\cite{DBLP:conf/uml/2001}},
	Pages = {34-46},
	Title = {Mapping between Levels in the Metamodel Architecture},
	Year = 2001}

@inproceedings{Lenzerini02,
	Author = {M. Lenzerini},
	Booktitle = {{21st ACM Symposium on Principles of database systems}},
	Pages = {233-246},
	Title = {Data Integration: A theoretical perspective. {(Invited tutorial)}},
	Year = 2002}

@article{UMLOdysseys99,
	Author = {C. Kobryn},
	Journal = {Communications of the ACM},
	Number = 10,
	Title = {{UML}2001: A Standardization {O}dyssey},
	Volume = 42,
	Year = 1999}

@article{ASMseqGurevich,
	Author = {Yu. Gurevich},
	Journal = {ACM Transactions on Computational Logic},
	Number = 1,
	Pages = {77-111},
	Title = {Sequential Abstract State Machines capture Sequential Algorithms},
	Volume = 1,
	Year = 2000}

@article{ASMsurveyBorger2002,
	Author = {E. B\"orger},
	Journal = {Journal of Universal Computer Science},
	Number = 1,
	Pages = {2-74},
	Title = {The Origins and the Development of the {ASM} Method for High Level System Design and Analysis},
	Volume = 8,
	Year = 2002}

@inproceedings{Madhavan02-AAAI,
	Author = {J. Madhavan and P. Bernstein and P. Domingos and A. Halevy},
	Booktitle = {{18th Int. Conference on AI, AAAI'2002, Edmonton, Canada}},
	Title = {Representing and reasoning about mappings between doamin models},
	Year = 2002}

@inproceedings{Madhavan01-Cupid,
	Author = {J. Madhavan and P. Bernstein and E. Rahm},
	Booktitle = {{27th {VLDB} Conference, Roma,Italy}},
	Title = {Generic Schema matching with {C}upid},
	Year = 2001}

@inproceedings{mmt-Alagic01,
	Author = {S. Alagic and P. Bernstein},
	Booktitle = {{Proc. DBPL'2001}},
	Title = {A Model Theory for Generic Schema Management},
	Year = 2001}

@inproceedings{Beeri1999,
	Author = {C. Beeri and T. Milo},
	Booktitle = {Proc. {ICDT'1999}},
	Title = {Schemas for integration and translation of structured and semi-structured data},
	Year = 1999}

@inproceedings{Bernstein01,
	Author = {P. Bernstein},
	Booktitle = {{Proc. CooopIS'2001}},
	Pages = {1-6},
	Title = {Generic Model Management - A Database Infrastructure for Schema Manipulation},
	Year = 2001}

@inproceedings{Miller00,
	Author = {R. Miller and L. Haas and M. Hern\`{a}ndez},
	Booktitle = {Proc. {VLDB'2000}},
	Title = {Schema Mapping as Query Discovery},
	Year = 2000}

@article{MillerIR1994-ISjournal,
	Author = {R. Miller and Y. Ioannidis and R. Ramakrishnan},
	Journal = {Information Systems},
	Number = 1,
	Pages = {3-31},
	Title = {Schema equivalence in heterogeneous systems: bridging theory and practice},
	Volume = 19,
	Year = 1994}

@article{mmt-mathcing-Rahm2001,
	Author = {E. Rahm and P. Bernstein},
	Journal = {{VLDB} Journal},
	Number = 4,
	Pages = {334-350},
	Title = {A survey of approaches to automatic schema matching},
	Volume = 10,
	Year = 2001}

@inproceedings{Yan2001,
	Author = {L-L. Yan and R. Miller and L. Haas and R. Fagin},
	Booktitle = {{Proc. SIGMOD'2001}},
	Title = {Data-Driven Understanding and Refinement of Schema Mappings},
	Year = 2001}

@article{mmt-Rondo2003,
	Author = {S. Melnik and E. Rahm and P. Bernstein},
	Journal = {J. Web Semantics},
	Pages = {47-74},
	Title = {Developing metadata-intensive applications with {R}ondo},
	Volume = 1,
	Year = 2003}

@article{Melnik2003,
	Author = {S. Melnik and E. Rahm and P. Bernstein},
	Journal = {J. Web Semantics},
	Pages = {47-74},
	Title = {Developing metadata-intensive applications with {R}ondo},
	Volume = 1,
	Year = 2003}

@inproceedings{Velegrakis2003,
	Author = {Y. Velegrakis and R. Miller and L. Popa},
	Booktitle = {{Proc. 29th VLDB}},
	Title = {Mapping Adaptation under Evolving Schemas},
	Year = 2003}

@inproceedings{Bernstein00-warehouses,
	Author = {P. Bernstein and E. Rahm},
	Booktitle = {{Proc. ER'2000}},
	Pages = {1-15},
	Title = {Data warehouse scenarios for model management},
	Year = 2000}

@inproceedings{Fagin2003,
	Author = {R. Fagin and P. Kolaitis and R. Miller and L. Popa},
	Booktitle = {{Proc. Int. Conf. on Database Theory ICDT}},
	Title = {Data Exchange: Semantics and Query Answering},
	Year = 2003}

@inproceedings{faginDataExchange2003,
	Author = {R. Fagin and P. Kolaitis and R. Miller and L. Popa},
	Booktitle = {{Proc. Int. Conf. on Database Theory, ICDT}},
	Title = {Data Exchange: Semantics and Query Answering},
	Year = 2003}

@inproceedings{Mork2004,
	Author = {P. Mork and P. Bernstein},
	Booktitle = {{Proc. ICDE'2004}},
	Pages = {787-790},
	Title = {Adapting a Generic Match Algorithm to Align Ontologies of Human Anatomy},
	Year = 2004}

@inproceedings{pottinger03,
	Author = {Rachel Pottinger and Philip A. Bernstein},
	Bibsource = {DBLP, http://dblp.uni-trier.de},
	Booktitle = {VLDB},
	Ee = {http://www.vldb.org/conf/2003/papers/S26P01.pdf},
	Pages = {826-873},
	Title = {Merging Models Based on Given Correspondences},
	Year = {2003}}

@inproceedings{Shelswell1998,
	Author = {R. Shelswell and M. Johnson},
	Booktitle = {Proc. ??????},
	Title = {The Logic of A {Tos}},
	Year = 1998}

@inproceedings{halevyCorpus-basedKR,
	Author = {A. Halevy and J. Madhavan},
	Booktitle = {{Proc. Int. Joint Conf. on Artificial Intelligence, IJCAI'03}},
	Title = {Corpus-Based Knowledge Representation},
	Year = 2003}

@inproceedings{madhavanComposingMappings2003,
	Author = {J. Madhavan and A. Halevy},
	Booktitle = {{Proc. 29th {VLDB} Conf., VLDB'2003}},
	Title = {Composing mappings among data sources},
	Year = 2003}

@inproceedings{visualFormRevisited98,
	Author = {R. Grosu and M. Broy and B. Selic and Gh. Stefanescu},
	Booktitle = {7th {OOPSLA} Workshop on behavioral semantics of OO Business and system specifications},
	Editors = {H. Kilov and B. Rumpe and I. Simmonds},
	Title = {Towards a calculus for UML-RT specifications},
	Year = 1998}

@inproceedings{calculusForUML-RT98,
	Author = {R. Grosu and Gh. Stefanescu and M. Broy},
	Booktitle = {Int.Conf. on Applications of Concurrency to System Design},
	Title = {Visual formalism revisited},
	Year = 1998}

@inproceedings{Bruni-normalForms-fase2005,
	Author = {Roberto Bruni and Ivan Lanese and Ugo Montanari},
	Booktitle = {{1st Conference on Algebra and Coalgebra in Computer Science, CALCO'2005}},
	Pages = {98-113},
	Series = {Springer, LNCS'3629},
	Title = {Complete axioms for Stateless Connectors},
	Year = 2005}

@inproceedings{DBLP:conf/acsd/GrosuSB98,
	Author = {Radu Grosu and Gheorghe Stefanescu and Manfred Broy},
	Bibsource = {DBLP, http://dblp.uni-trier.de},
	Booktitle = {ACSD},
	Crossref = {DBLP:conf/acsd/1998},
	Ee = {http://csdl.computer.org/comp/proceedings/csd/1998/8350/00/83500041abs.htm},
	Pages = {41-51},
	Title = {Visual Formalisms Revisited.},
	Year = {1998}}

@inproceedings{DBLP:conf/ifipTCS/BruniFLLM04,
	Author = {Roberto Bruni and Jos{\'e} Luiz Fiadeiro and Ivan Lanese and Ant{\'o}nia Lopes and Ugo Montanari},
	Bibsource = {DBLP, http://dblp.uni-trier.de},
	Booktitle = {IFIP TCS},
	Crossref = {DBLP:conf/ifipTCS/2004},
	Pages = {367-380},
	Title = {New Insights on Architectural Connectors.},
	Year = {2004}}

@article{spans-BruniGad01,
	Author = {Roberto Bruni and Fabio Gadducci},
	Bibsource = {DBLP, http://dblp.uni-trier.de},
	Ee = {http://www1.elsevier.com/gej-ng/31/29/23/73/55/show/Products/notes/index.htt\#009},
	Journal = {Electr. Notes Theor. Comput. Sci.},
	Number = {3},
	Title = {Some algebraic laws for spans},
	Volume = {44},
	Year = {2001}}

@article{DBLP:journals/tcs/BruniGM02,
	Author = {Roberto Bruni and Fabio Gadducci and Ugo Montanari},
	Bibsource = {DBLP, http://dblp.uni-trier.de},
	Journal = {Theor. Comput. Sci.},
	Number = {2},
	Pages = {247-292},
	Title = {Normal forms for algebras of connectors},
	Volume = {286},
	Year = {2002}}

@incollection{Grosu-uml-rt-book,
	Author = {R. Grosu and M. Broy and B. Selic and G. Stefanescu},
	Booktitle = {{Behavioral Specifications of Businesses and Systems}},
	Editor = {H. Kilov and B. Rumpe and I. Simmonds},
	Isbn = {0-7923-8629-9},
	Publisher = {Kluwer Academic Publ.},
	Title = {What is Behind {UML-RT?}},
	Year = {1999}}

@inproceedings{Grosu-uml-rt-oopsla97,
	Author = {R. Grosu and M. Broy and B. Selic and G. Stefanescu},
	Booktitle = {Proc. of the 7th {OOPSLA} Workshop on Behavioral Semantics of OO Business and System Specifications},
	Title = {Towards a calculus for {UML-RT} specifications},
	Year = 1998}

@inproceedings{DBLP:conf/concur/Abramsky96,
	Author = {Samson Abramsky},
	Bibsource = {DBLP, http://dblp.uni-trier.de},
	Booktitle = {CONCUR},
	Crossref = {DBLP:conf/concur/1996},
	Pages = {1-17},
	Title = {Retracting Some Paths in Process Algebra.},
	Year = {1996}}

@inproceedings{DBLP:conf/se/StorrleH05,
	Author = {Harald St{\"o}rrle and Jan Hendrik Hausmann},
	Bibsource = {DBLP, http://dblp.uni-trier.de},
	Booktitle = {Software Engineering},
	Crossref = {DBLP:conf/se/2005},
	Pages = {117-128},
	Title = {Towards a Formal Semantics of UML 2.0 Activities.},
	Year = {2005}}

@article{DBLP:journals/mscs/HildebrandtPW04,
	Author = {Thomas T. Hildebrandt and Prakash Panangaden and Glynn Winskel},
	Bibsource = {DBLP, http://dblp.uni-trier.de},
	Ee = {http://dx.doi.org/10.1017/S0960129504004293},
	Journal = {Mathematical Structures in Computer Science},
	Number = {5},
	Pages = {613-649},
	Title = {A relational model of non-deterministic dataflow.},
	Volume = {14},
	Year = {2004}}

@book{Stefanescu-NAbook-2000,
	Author = {G. Stefanescu},
	Isbn = {1-85233-195-X},
	Pages = {XVI+400},
	Publisher = {Springer-Verlag},
	Title = {Network Algebra},
	Year = 2000}

@article{Marti-OlietM91-survey,
	Author = {Narciso Mart\'{\i}-Oliet and Jos{\'e} Meseguer},
	Bibsource = {DBLP, http://dblp.uni-trier.de},
	Journal = {Int. J. Found. Comput. Sci.},
	Number = {4},
	Pages = {297-399},
	Title = {From Petri Nets to Linear Logic through Categories: A Survey.},
	Volume = {2},
	Year = {1991}}

@unpublished{workflow-is-pi-process,
	Author = {Smith and Fingar},
	Note = {white paper? http://www.fairdene.com/picalculus/workflow-is-just-a-pi-process.pdf},
	Title = {Workflow is just a Pi process}}

@unpublished{branAsson2005,
	Author = {Bran Selic},
	Title = {{Personal Communication, Fall 2005}}}

@unpublished{branDraganAsson2005,
	Author = {Dragan Milicev and Bran Selic and the Authors},
	Title = {{Joint E-mail Discussion, Fall 2005}}}

@article{vitolins-2005,
	Author = {Valdis Vitolins and Audris Kalnins},
	Journal = {xxx},
	Pages = {xxx},
	Title = {Semantics of UML 2.0 Activity Diagram for Business Modeling by Means of Virtual Machine},
	Volume = {xxx},
	Year = {2005}}

@inproceedings{mergingScenarios-klein-caillaud-2004,
	Booktitle = {{9th Int.Workshop on Formal Methods for Industrial Critical Systems (FMICS)}},
	Pages = {209-226},
	Series = {ENTCS},
	Title = {Merging scenarios},
	Vol = 133,
	Year = 2004}

@inproceedings{mehrdad05,
	Author = {M. Sabetzadeh and S. Easterbrook},
	Booktitle = {{13th Int.Conference on Requirement Engineering}},
	Title = {An algebraic framework for merging incomplete and inconsistent views},
	Year = 2005}

@article{mehrdad06,
	Author = {Mehrdad Sabetzadeh and Steve M. Easterbrook},
	Bibsource = {DBLP, http://dblp.uni-trier.de},
	Ee = {http://dx.doi.org/10.1007/s00766-006-0032-y},
	Journal = {Requir. Eng.},
	Number = {3},
	Pages = {174-193},
	Title = {View merging in the presence of incompleteness and inconsistency},
	Volume = {11},
	Year = {2006}}

@misc{MSC,
	Author = {ITU-TS},
	Title = {{Recommendation Z.120: Message Sequence Chart (MSC)}},
	Year = {2000}}

@book{UCM,
	Author = {R.J.A. Buhr and R.S. Casselman},
	Publisher = {Prentice Hall},
	Title = {Use Case Maps for Object-Oriented Systems},
	Year = {1996}}

@inproceedings{HK01,
	Address = {London, UK},
	Author = {D. Harel and H. Kugler},
	Booktitle = {5th International Conference on Implementation and Application of Automata(CIAA '00)},
	Isbn = {3-540-42491-1},
	Pages = {1--33},
	Publisher = {Springer-Verlag},
	Title = {{Synthesizing State-Based Object Systems from LSC Specifications}},
	Year = {2001}}

@inproceedings{WSGenerateStatechart,
	Address = {New York, NY, USA},
	Author = {J. Whittle and J. Schumann},
	Booktitle = {22nd International Conference on Software Engineering},
	Isbn = {1-58113-206-9},
	Location = {Limerick, Ireland},
	Pages = {314--323},
	Publisher = {ACM Press},
	Title = {Generating statechart designs from scenarios},
	Year = {2000}}

@inproceedings{merge-Uchitel-Kramer-2001-workbench,
	Author = {S. Uchitel and J. Kramer},
	Booktitle = {23rd IEEE Int.Conference on Software Engineering},
	Location = {Toronto, Canada},
	Month = {May},
	Title = {A Workbench for Synthesising Behaviour Models from Scenarios},
	Year = {2001}}

@inproceedings{mergeSoftware-niu-easterbrook-sabetzadeh-2005,
	Author = {N. Niu and S. M. Easterbrook and M. Sabetzadeh},
	Bibsource = {DBLP, http://dblp.uni-trier.de},
	Booktitle = {{Int.Conference on Software Maintainance}},
	Ee = {http://doi.ieeecomputersociety.org/10.1109/ICSM.2005.6},
	Pages = {197-206},
	Title = {A Category-theoretic Approach to Syntactic Software Merging},
	Year = {2005}}

@article{mergeScenByFourGuys,
	Address = {Piscataway, NJ, USA},
	Author = {J. Desharnais and M. Frappier and R. Kh\'edri and A. Mili},
	Doi = {http://dx.doi.org/10.1109/32.713325},
	Issn = {0098-5589},
	Journal = {IEEE Trans. Softw. Eng.},
	Number = {9},
	Pages = {695--708},
	Publisher = {IEEE Press},
	Title = {Integration of Sequential Scenarios},
	Volume = {24},
	Year = {1998},
	Bdsk-Url-1 = {http://dx.doi.org/10.1109/32.713325}}

@inproceedings{Tsi01b,
	Author = {A. Tsiolakis},
	Crossref = {GTVMT01},
	Pages = {268-276},
	Title = {Integrating Model Information in UML Sequence Diagrams}}

@proceedings{GTVMT01,
	Editor = {Luciano Baresi and Mauro Pezze and Gabriele Taentzer},
	Number = {3},
	Publisher = {Elsevier Science Publishers},
	Series = {Electronic Notes in Theoretical Computer Science},
	Title = {Proc. of the Satellite Workshops of the 28th {ICALP} ({GT-VMT 2001})},
	Volume = {50},
	Year = {2001}}

@unpublished{BrownGraphs,
	Author = {R. Brown and I. Morris and J. Shrimpton and C. Wensley},
	Note = {Uiversity of Wales, Bangor, Preprint 06.04, 18pp},
	Title = {Graphs of morphisms of graphs},
	Year = {2006}}

@misc{schurr94progres,
	Author = {A. Schurr},
	Text = {A. Schurr. PROGRES: A Visual Language and Environment for PROgramming with Graph REwrite Systems. Aachener Informatik Bericht 94-11, RWTH Aachen, Fachgruppe Informatik, 1994.},
	Title = {PROGRES: A Visual Language and Environment for PROgramming with Graph REwrite Systems},
	Url = {citeseer.ist.psu.edu/schurr94progres.html},
	Year = {1994},
	Bdsk-Url-1 = {citeseer.ist.psu.edu/schurr94progres.html}}

@inproceedings{mergeBy-Uchitel-chechik-2004,
	Author = {S. Uchitel and M. Chechik},
	Booktitle = {{12th ACM SIGSOFT Int.Symposium on FSE}},
	Pages = {43--52},
	Publisher = {ACM Press},
	Title = {Merging partial behavioural models},
	Year = {2004}}

@inproceedings{ZiadiSDtoSC,
	Address = {Washington, DC, USA},
	Author = {T. Ziadi and L. H\'{e}lou\"{e}t and J.M. J\'{e}z\'{e}quel},
	Booktitle = {26th International Conference on Software Engineering (ICSE '04)},
	Isbn = {0-7695-2163-0},
	Pages = {242--251},
	Publisher = {IEEE Computer Society},
	Title = {Revisiting Statechart Synthesis with an Algebraic Approach},
	Year = {2004}}

@incollection{winskel95models,
	Author = {G. Winskel and M. Nielsen},
	Booktitle = {Handbook of Logic in Computer Science},
	Editor = {S. Abramsky and D. Gabbay and T. S. E. Maibaum},
	Publisher = {Oxford University Press},
	Title = {Models for Concurrency},
	Url = {citeseer.ist.psu.edu/winskel94models.html},
	Year = {1995},
	Bdsk-Url-1 = {citeseer.ist.psu.edu/winskel94models.html}}

@inproceedings{Miller98,
	Address = {New York, NY, USA},
	Author = {R. Miller},
	Booktitle = {SIGMOD '98: Proceedings of the 1998 ACM SIGMOD international conference on Management of data},
	Doi = {http://doi.acm.org/10.1145/276304.276322},
	Isbn = {0-89791-995-5},
	Location = {Seattle, Washington, United States},
	Pages = {189--200},
	Publisher = {ACM Press},
	Title = {Using schematically heterogeneous structures},
	Year = {1998},
	Bdsk-Url-1 = {http://doi.acm.org/10.1145/276304.276322}}

@inproceedings{MillerIR93,
	Author = {R. Miller and Y. Ioannidis and R. Ramakrishnan},
	Booktitle = {19th International Conference on Very Large Data Bases},
	Editor = {R. Agrawal and S. Baker and D. Bell},
	Pages = {120-133},
	Title = {The Use of Information Capacity in Schema Integration and Translation},
	Year = {1993}}

@inproceedings{MillerIR94,
	Author = {Ren{\'e}e J. Miller and Yannis E. Ioannidis and Raghu Ramakrishnan},
	Bibsource = {DBLP, http://dblp.uni-trier.de},
	Booktitle = {Advances in Database Technology - EDBT'94. 4th International Conference on Extending Database Technology, Cambridge, United Kingdom, March 28-31, 1994, Proceedings},
	Crossref = {DBLP:conf/edbt/94},
	Editor = {Matthias Jarke and Janis A. Bubenko Jr. and Keith G. Jeffery},
	Ee = {db/conf/edbt/MillerIR94.html},
	Isbn = {3-540-57818-8},
	Pages = {73-80},
	Publisher = {Springer},
	Series = {Lecture Notes in Computer Science},
	Title = {Schema Equivalence in Heterogeneous Systems: Bridging Theory and Practice (Extended Abstract)},
	Volume = {779},
	Year = {1994}}

@inproceedings{mmt-melnik05-sigmod,
	Address = {New York, NY, USA},
	Author = {S. Melnik and P. Bernstein and A. Halevy and E. Rahm},
	Booktitle = {SIGMOD '05: Proceedings of the 2005 ACM SIGMOD international conference on Management of data},
	Doi = {http://doi.acm.org/10.1145/1066157.1066177},
	Isbn = {1-59593-060-4},
	Location = {Baltimore, Maryland},
	Pages = {167--178},
	Publisher = {ACM Press},
	Title = {Supporting executable mappings in model management},
	Year = {2005},
	Bdsk-Url-1 = {http://doi.acm.org/10.1145/1066157.1066177}}

@article{RseE-integration-2004,
	Author = {Daniel L. Moise and Kenny Wong},
	Bibsource = {DBLP, http://dblp.uni-trier.de},
	Ee = {http://dx.doi.org/10.1016/j.entcs.2004.01.002},
	Journal = {Electr. Notes Theor. Comput. Sci.},
	Pages = {81-91},
	Title = {Issues in Integrating Schemas for Reverse Engineering.},
	Volume = {94},
	Year = {2004}}

@inproceedings{typing-via-pb-Grosse-RhodePS98,
	Author = {Martin Gro{\ss}e-Rhode and Francesco Parisi-Presicce and Marta Simeoni},
	Booktitle = {Mathematical Foundations of Computer Science, MFCS'98},
	Editor = {L. Brim and J. Gruska and J. Zlatuska},
	Pages = {553-561},
	Title = {Spatial and Temporal Refinement of Typed Graph Transformation Systems.},
	Year = {1998}}

@proceedings{DBLP:conf/mfcs/1998,
	Bibsource = {DBLP, http://dblp.uni-trier.de},
	Booktitle = {MFCS},
	Editor = {Lubos Brim and Jozef Gruska and Jir\'{\i} Zlatuska},
	Isbn = {3-540-64827-5},
	Publisher = {Springer},
	Series = {Lecture Notes in Computer Science},
	Title = {Mathematical Foundations of Computer Science 1998, 23rd International Symposium, MFCS'98, Brno, Czech Republic, August 24-28, 1998, Proceedings},
	Volume = {1450},
	Year = {1998}}

@inproceedings{favre-wisme2004,
	Author = {J-M. Favre},
	Booktitle = {{Workshop on Software Model Engineering, WISME 2004, joint event with UML2004}},
	Editor = {M. Gogolla and P. Sammut and J. Whittle},
	Title = {Towards a Basic Theory to Model Model Driven Engineering},
	Year = 2004}

@inproceedings{Czarnecki-2003-oopsla,
	Author = {K. Czarnecki and S. Helsen},
	Booktitle = {{2nd OOPSLA?03 Workshop on Generative Techniques in the Context of MDA}},
	Editor = {K. Czarnecki},
	Title = {Classification of Model Transformation Approaches},
	Year = 2003}

@article{Tratt-sosym2005,
	Author = {Laurence Tratt},
	Journal = {Software and System Modeling},
	Number = {2},
	Pages = {112-122},
	Title = {Model transformations and tool integration.},
	Volume = {4},
	Year = {2005}}

@inproceedings{Gogolla-er2re-withSemantics-2006,
	Author = {Martin Gogolla},
	Booktitle = {{Metainformatics Symposium~(MIS'2005)}},
	Editor = {Uffe K. Wiil and Peter J. N{\"u}rnberg and David L. Hicks},
	Publisher = {{Springer, Berlin, LNCS}},
	Title = {{Exploring ER and RE Syntax and Semantics with Metamodel Object Diagrams}},
	Year = {{2006}}}

@inproceedings{MT-via-GT-comparative-survey-mtip2005,
	Author = {K. Ehrig and E.Guerra and J. de Lara and L. Lengyel and T.Levendovszky and U.Prange and G.Taentzer and D.Varr\'o and S.Varr\'o-Gyapay},
	Booktitle = {MTiP 2005, Int.Workshop on Model Transformations in Practice (Satellite Event of MoDELS 2005)},
	Title = {Model Transformation by Graph Transformation: A Comparative Study},
	Year = {2005}}

@inproceedings{MT-via-GT-byTomMens-gramot2005_tax,
	Author = {Tom Mens and van Gorp, Pieter and Gabor Karsai and D{\'a}niel Varr{\'o}},
	Booktitle = {GraMot 2005, International Workshop on Graph and Model Transformations},
	Editor = {G. Karsai and G. Taentzer},
	Series = {ENTCS},
	Title = {Applying a Model Transformation Taxonomy to Graph Transformation Technology},
	Url = {http://www.inf.mit.bme.hu/FTSRG/Publications/varro/2005/gramot05_mvkv.pdf},
	Year = {2005},
	Bdsk-Url-1 = {http://www.inf.mit.bme.hu/FTSRG/Publications/varro/2005/gramot05_mvkv.pdf}}

@article{retyping-via-PB-2002,
	Author = {M.Grosse-Rhode and F.Presicce and M. Simeoni},
	Journal = {J. Comput. Syst. Sci.},
	Number = {2},
	Pages = {171--218},
	Title = {Formal software specification with refinements and modules of typed graph transformation systems},
	Volume = {64},
	Year = {2002}}

@article{GT-GXL-Winter-Holt-2006,
	Author = {Holt, R. and Sch\"urr, A. and Elliott Sim, S. and Winter, A.},
	Journal = {Science of Computer Programming},
	Month = {4},
	Number = {2},
	Pages = {149-170},
	Title = {{GXL}: A graph-based standard exchange format for reengineering},
	Volume = {60},
	Year = {2006}}

@manual{BPEL-OASISsite,
	Address = {{\tt http://www.oasis-open.org/home/index.php}},
	Organization = {{OASIS}, Organization for the Advancement of Structured Information Standards},
	Title = {OASIS Web Services Business Process Execution Language (WSBPEL 2.0)},
	Year = 2007}

@inproceedings{Bezivin:DBLP:conf/ecmdafa/BezivinBFGJKKP06,
	Author = {Jean B{\'e}zivin and Salim Bouzitouna and Marcos Didonet Del Fabro and Marie-Pierre Gervais and Fr{\'e}d{\'e}ric Jouault and Dimitrios S. Kolovos and Ivan Kurtev and Richard F. Paige},
	Bibsource = {DBLP, http://dblp.uni-trier.de},
	Booktitle = {ECMDA-FA},
	Crossref = {DBLP:conf/ecmdafa/2006},
	Ee = {http://dx.doi.org/10.1007/11787044_26},
	Pages = {346-360},
	Title = {A Canonical Scheme for Model Composition.},
	Year = {2006}}

@proceedings{DBLP:conf/ecmdafa/2006,
	Booktitle = {ECMDA-FA},
	Editor = {Arend Rensink and Jos Warmer},
	Publisher = {Springer},
	Series = {Lecture Notes in Computer Science},
	Title = {Model Driven Architecture - Foundations and Applications, Second European Conference, ECMDA-FA 2006, Bilbao, Spain, July 10-13, 2006, Proceedings}}

@inproceedings{sync-TGGsurvey08,
	Author = {Andy Sch{\"u}rr and Felix Klar},
	Booktitle = {ICGT},
	Ee = {http://dx.doi.org/10.1007/978-3-540-87405-8_28},
	Pages = {411-425},
	Title = {15 Years of Triple Graph Grammars},
	Year = {2008}}
